4152 6344
173 435 221 493 stt
386 502 391 509 ,
868 437 983 496 SEiiilO
1003 438 1091 497 Xl'iii.
1666 502 1669 506 ,
1749 445 1802 501 uit

169 551 288 617 audirit3
303 550 438 620 leprosum
453 550 590 607 mundarit
599 558 626 608 ct
638 551 755 617 reinisit;
767 554 890 610 claudum
900 569 962 616 err·
977 560 999 616 Α
1013 569 1172 624 cogeremur
1185 554 1257 623 loqui
1270 570 1319 625 pru
1333 555 1446 625 inimic,
1460 556 1480 611 si
1492 557 1548 627 ipse
1563 572 1611 628 pro
1625 573 1655 616 se
1665 556 1736 625 loqui
1750 573 1803 612 nori

171 623 220 683 xit,
236 630 264 676 et
277 621 410 686 cucurrit;
424 620 456 675 ad
471 631 604 677 mortuum
616 623 765 687 descendit,
787 632 814 679 et
828 626 961 678 demone
1014 633 1124 692 posset..
1136 622 1185 679 iiic
1199 632 1290 680 autem
1313 624 1380 685 otim,
1402 625 1530 694 loquitur,
1545 627 1625 682 modo
1642 626 1712 681 ridet
1728 644 1734 679 :
1749 644 1802 682 ce-

169 691 297 752 turrexit,
313 699 341 745 et
354 700 496 760 creperum
506 691 562 760 iam
577 693 696 761 periotes
708 709 831 749 carceres
843 693 960 755 raciiari,
1012 708 1073 749 cum
1088 710 1102 746 a
1119 693 1257 749 uatiritate
1281 696 1411 758 norimus,
1437 695 1591 765 loquentem
1614 697 1678 753 olim
1698 697 1803 751 audiri·

170 761 262 817 iractis
281 760 371 828 januis
385 760 481 816 inieriii
494 762 613 821 vectibus
633 762 697 832 ligni
720 764 746 816 ln
761 780 814 833 quo
833 762 962 834 pependit
1013 778 1081 826 iiius,
1098 764 1230 818 ridentem
1245 764 1327 819 inodo
1341 764 1471 820 ridemus.
1488 766 1576 837 ipsum
1588 766 1760 836 interrogate.
1774 775 1803 820 ut

172 830 301 887 Dominus
320 830 390 887 coett.
407 830 466 884 ianr
485 845 550 899 ergo
564 833 609 897 qni
629 833 696 887 iecit
710 834 809 888 orbem.
819 843 968 897 terrarum,
1015 832 1193 902 instruamini,
1208 834 1277 899 Quid
1291 848 1341 888 nos
1356 835 1572 892 calumniamini?
1584 835 1702 892 AEtotem
1716 835 1803 901 iubet,

171 903 251 955 nrbes
274 901 378 971 aperuit
398 914 547 957 cneorum.
562 898 699 957 Orotator
724 900 843 973 ilgulusi‘
859 910 963 957 rotatus
1011 904 1067 973 ipae
1080 920 1128 970 pro
1146 919 1173 958 re
1187 905 1308 974 loquutur
1321 903 1415 975 (ibid,
1430 905 1487 973 st).
1503 907 1616 988 Aptatus
1630 915 1672 961 est
1690 908 1760 962 cuim
1776 916 1804 961 ut

171 980 213 1025 ost
227 971 323 1035 verbo,
347 978 377 1025 et
390 972 461 1025 risus
475 971 590 1026 donatus
613 980 654 1027 est
667 987 749 1028 cccco.
764 971 876 1041 Figulus
890 972 960 1026 euim
1013 987 1067 1027 non
1083 985 1155 1028 essct
1175 989 1265 1044 pairac
1277 974 1373 1038 aetatis
1398 974 1445 1029 sed
1460 975 1601 1044 legitimus,
1618 985 1646 1031 ut
1657 977 1803 1032 testimonii

170 1040 280 1110 quando
295 1054 358 1093 rasa
368 1040 503 1095 conrolrit
519 1041 554 1097 rie
568 1042 631 1097 iimo
645 1041 795 1107 ionnauda,
819 1042 962 1097 volubilem
1014 1039 1071 1111 esus
1084 1043 1179 1113 plenus
1193 1044 1347 1112 proveniret
1360 1044 1518 1114 triumphus.
1542 1045 1654 1102 iieditm
1673 1048 1706 1101 ad
1721 1047 1805 1101 lueta-

171 1112 258 1175 tmgtr
270 1109 382 1180 perbbus
402 1119 499 1164 rotarii.
524 1109 558 1164 Et
582 1111 677 1179 figulus
696 1120 786 1167 noster
811 1112 877 1166 sidit
890 1118 963 1165 rotas
1014 1124 1075 1166 nien
1089 1121 1115 1166 ct
1129 1127 1254 1195 pugnam,
1270 1113 1356 1168 donec
1370 1129 1446 1168 sumu
1459 1124 1582 1171 cerneret
1603 1126 1802 1171 coronatorem.

171 1181 310 1235 oculorum
326 1180 389 1235 ceci
405 1189 549 1244 recantes,-
562 1182 648 1249 tangit
669 1196 725 1246 eas,
749 1197 803 1236 nnn
823 1181 902 1251 pede,
916 1179 962 1236 sei
1015 1180 1062 1236 llic
1075 1183 1161 1247 nobis,
1189 1183 1320 1250 inquiunt.
1344 1182 1412 1248 Quid
1434 1185 1511 1241 vobis
1530 1187 1636 1241 dicam?
1657 1184 1718 1241 lani
1738 1187 1804 1240 diei.

170 1263 247 1305 vnce.
264 1246 362 1318 Tetigit
377 1250 552 1317 agitantum
567 1250 691 1306 formarit
703 1251 795 1305 oculos
809 1251 900 1305 irinum
915 1266 964 1318 po·
1015 1248 1084 1315 Quid
1097 1251 1188 1306 iterum
1203 1253 1279 1307 uultis
1303 1253 1413 1311 andire?
1430 1251 1491 1308 Nun
1528 1256 1592 1310 iiei
1614 1258 1744 1311 roiirultii
1765 1256 1806 1309 di-

170 1320 270 1374 nendo.
282 1318 398 1385 Quidest
410 1319 558 1376 tinelande
569 1320 789 1392 taiecoiiyriumt
800 1319 899 1373 Nande
910 1320 963 1386 pig·
1014 1322 1106 1391 rripiiii
1116 1322 1172 1393 ejas
1184 1324 1257 1377 esse?
1271 1321 1372 1378 Erilli:
1387 1322 1423 1377 in
1438 1324 1474 1378 ris
1503 1326 1626 1394 isi-iimina
1640 1326 1694 1397 ejus
1710 1325 1803 1397 (ibid.

170 1389 269 1443 meritis
280 1390 423 1443 lterbaruui
434 1389 584 1457 collyrium.
596 1388 654 1445 Non
667 1390 693 1443 iu
704 1391 758 1460 pila
770 1391 913 1444 c‘oirtrituin
926 1391 959 1443 la·
1014 1389 1058 1455 ιι,
1073 1390 1129 1460 98).
1142 1390 1165 1445 0
1180 1407 1274 1459 magna
1288 1392 1395 1461 injuria,
1409 1392 1481 1462 quod
1491 1394 1623 1449 desiderio
1633 1396 1731 1461 dicitis,
1746 1397 1804 1449 siue

169 1455 282 1514 boribus
292 1457 611 1514 medicorumilomode
621 1459 842 1531 liiiio,coliyi·iuni
852 1459 961 1514 deluto.
1013 1475 1095 1515 cauea
1118 1462 1279 1531 increpatis?
1301 1477 1316 1515 a
1340 1463 1438 1517 lumine
1452 1480 1496 1518 me
1515 1481 1568 1519 nou
1588 1481 1617 1520 sc
1638 1466 1729 1520 aratis.
1751 1465 1803 1520 Sed

171 1527 315 1594 Quomodo
325 1528 396 1583 enlm
405 1527 614 1584 aurilesmonil'e
622 1528 787 1585 coulracturu
798 1545 851 1583 oon
859 1528 963 1598 argenti
1013 1546 1070 1597 nor,
1085 1532 1219 1601 inquiunt,
1228 1532 1291 1586 disci
1328 1534 1345 1586 ti
1355 1532 1440 1603 iiepii
1452 1551 1548 1591 saurus.
1559 1533 1591 1588 Et
1605 1482 1650 1590 iiie
1662 1553 1669 1589 z
1682 1535 1714 1589 iit
1730 1535 1797 1589 bior-

169 1599 261 1667 speeie
276 1605 460 1665 reuirat,ncc
477 1600 645 1668 argentarius
655 1614 718 1654 rasa
735 1598 838 1668 argenti
857 1598 890 1654 de
908 1615 963 1653 nie·
1014 1602 1169 1668 seuaudiri,
1180 1612 1208 1656 et
1220 1617 1288 1672 prop
1309 1611 1365 1657 ctas
1379 1604 1508 1665 audiriai
1520 1605 1613 1659 ioculo
1625 1605 1741 1659 creditum
1752 1595 1802 1659 neu

170 1668 237 1723 t'allu
247 1667 333 1723 reiicit
344 1669 402 1722 auri
417 1685 424 1723 :
438 1669 473 1723 ita
485 1677 512 1724 et
523 1668 619 1723 artilex
630 1667 724 1736 ligulus
735 1668 964 1725 nusierilominus
1013 1680 1061 1735 ert,
1073 1672 1133 1740 quin
1144 1674 1245 1743 operuit
1258 1671 1391 1743 qnisquam
1403 1674 1561 1728 oculorcieci
1572 1676 1626 1729 riuti
1642 1674 1713 1743 (ibid
1727 1717 1734 1739 ‚
1746 1675 1803 1737 suf.

170 1737 309 1806 cbristus,
328 1752 376 1793 ras
389 1739 461 1808 qued
479 1737 590 1793 delimo
605 1737 677 1803 iecit,
693 1739 727 1794 de
741 1739 799 1815 luto
812 1737 915 1794 reiecit.
931 1736 965 1793 Et
1013 1736 1159 1807 Omaguus
1173 1740 1313 1798 defensor!
1338 1741 1396 1797 iam
1410 1741 1529 1798 defendit
1549 1751 1692 1814 antequam
1708 1746 1802 1810 credit,

169 1808 243 1864 unde
256 1807 351 1865 ocriios
364 1809 465 1878 primus
479 1807 612 1874 formarit,
634 1809 696 1864 inde
716 1809 848 1865 secundos
871 1808 964 1864 oeulos
1014 1809 1041 1863 iri
1056 1810 1145 1866 inedie
1158 1812 1315 1867 nebularum
1329 1821 1384 1866 stat
1398 1830 1478 1868 uoom
1492 1815 1664 1880 stillicidium,
1690 1824 1717 1870 et
1732 1816 1804 1884 capit

168 1878 320 1935 renovarit.
335 1875 400 1944 Quae
411 1878 497 1947 major
506 1887 548 1933 est
558 1879 643 1945 gioria
653 1879 746 1933 orbem
757 1879 822 1935 solis
836 1879 962 1946 iormare,
994 1879 1048 1950 ,de
1063 1881 1124 1934 rim
1138 1881 1211 1936 iente
1235 1882 1408 1951 triumplium.
1433 1883 1495 1938 irati
1519 1892 1597 1952 suat,
1619 1893 1647 1940 et
1667 1884 1804 1954 ejecerunt

169 1963 204 2002 an
227 1947 291 2004 caci
315 1949 370 2001 nati
394 1949 487 2004 oculos
509 1949 673 2004 reformare?
701 1947 791 2004 Solem
821 1948 962 2004 illuminari
980 1928 1076 2004 bunut
1090 1949 1172 2005 iuras.
1187 1951 1284 2007 Beatus
1305 1953 1350 2021 qui
1365 1953 1420 2006 eiit
1441 1953 1474 2007 de
1495 1969 1628 2077 synagoga
1655 1955 1803 2023 malignan-

101 2082 106 2091 =
169 2015 233 2074 iecit
255 2018 282 2072 io
306 2018 404 2073 tbrono
427 2017 564 2083 sedendo,
596 2034 696 2074 cecum
720 2019 811 2074 ridere
830 2018 964 2075 concessit
1016 2019 1222 2085 tium;deducit
1240 2024 1510 2077 eumexemrtemde
1531 2034 1653 2094 paesira
1674 2026 1803 2080 rictorem

168 2096 219 2158 per
230 2088 332 2156 plateas
342 2087 432 2143 seculi
442 2086 716 2158 ambiiiando.itaque
726 2104 780 2144 non
790 2098 883 2157 rogata
892 2088 964 2144 rciiit
994 2090 1149 2146 ‘exercitus
1171 2091 1338 2157 angelorum.
1354 2090 1505 2161 Pugnavit,
1532 2095 1660 2159 deiendit,
1684 2096 1757 2155 vicit,
1778 2103 1806 2148 et

168 2157 289 2223 claritas,
312 2165 339 2211 rt
360 2158 418 2213 siue
443 2157 534 2212 labore
556 2173 667 2227 precum
692 2157 816 2213 discessit
835 2159 964 2214 naturalis
1014 2160 1072 2214 sine
1086 2174 1185 2215 corona
1196 2160 1329 2225 discessit,
1341 2162 1403 2229 quia
1418 2162 1561 2227 oportebat
1573 2163 1646 2217 ilium
1661 2178 1675 2218 a
1691 2163 1805 2222 [tonino

168 2229 288 2283 creeitas.
313 2227 426 2285 Mittitur
440 2226 474 2282 ad
489 2227 630 2296 piscinam,
653 2227 727 2283 iarat
740 2228 852 2294 lumina,
868 2227 964 2297 recipit
1015 2229 1150 2285 coronari.
1169 2228 1291 2285 Occurrit
1313 2230 1350 2285 illi
1365 2229 1494 2287 Dominus
1508 2241 1652 2287 coronator
1674 2234 1806 2289 iunocen-

169 2298 331 2360 claritatem,
347 2304 375 2353 et
395 2297 503 2352 ducitur·
526 2298 559 2352 ad
573 2306 722 2353 certamen.
743 2297 917 2370 Ospecuium
932 2297 964 2353 ii·
1015 2299 1092 2366 tium,
1108 2299 1273 2356 illuminetur
1286 2316 1430 2370 caecorum,
1446 2302 1525 2371 tergit
1538 2302 1571 2357 de
1587 2302 1645 2373 ejus
1658 2308 1745 2359 'route
1758 2320 1804 2359 sus

167 2366 352 2427 luminatum.l
370 2378 441 2422 anie·
453 2383 506 2423 nou
531 2377 636 2437 poterat
655 2381 776 2439 pugnare
800 2376 826 2423 et
843 2367 967 2433 uincere,
1015 2369 1118 2424 dorem.
1133 2368 1295 2425 Consolatur
1309 2370 1403 2437 rerbo,
1446 2371 1472 2426 ui
1486 2381 1627 2428 curarerat
1640 2374 1714 2428 limo.
1726 2371 1806 2439 Quid,

167 2436 963 2496 iiisi'b'bristumilluminatisoculisadoraret.iliuminatum
1015 2439 1102 2507 inquit
1114 2439 1253 2507 boninus,
1277 2447 1337 2495 otu
1351 2386 1489 2508 specuium
1513 2445 1621 2497 meum?
1641 2442 1706 2498 ioris
1720 2442 1805 2505 rides,

167 2507 361 2579 cstspecuium
383 2507 466 2575 caini„
481 2512 509 2560 et
530 2507 648 2563 tenebris
669 2514 733 2564 sunt
755 2507 842 2577 operti
864 2505 961 2562 iudei.
1015 2517 1129 2579 putasne
1139 2509 1211 2564 intus
1225 2508 1317 2566 rides?
1331 2509 1414 2564 Vides
1428 2524 1471 2566 me
1484 2527 1538 2581 quo
1554 2513 1600 2565 tibi
1612 2526 1744 2582 appareo;
1761 2527 1804 2580 pu

167 2578 270 2637 ilolunt
283 2577 412 2632 riderein
428 2576 529 2633 lumine
544 2578 634 2634 alieno
647 2594 654 2632 ε
668 2577 728 2633 ideo
742 2593 796 2633 non
817 2585 964 2647 patuerunt
1015 2587 1091 2633 tasne
1110 2580 1184 2635 rides
1205 2580 1231 2634 iu
1257 2595 1299 2635 me
1318 2594 1372 2649 quo
1394 2580 1440 2636 tibi
1464 2597 1518 2636 nou
1541 2583 1679 2652 appareo?
1701 2583 1806 2653 Aspicis

167 2647 279 2719 superbi
299 2662 392 2702 rerum
406 2646 529 2718 aspicere
549 2648 638 2703 lumen
654 2647 681 2702 in
695 2647 761 2703 [teo.
770 2642 900 2702 Palaestra
914 2662 963 2717 pa·
1015 2648 1076 2716 quia
1096 2649 1177 2705 lioino
1192 2666 1260 2709 sum.
1287 2659 1400 2717 putasne
1421 2651 1518 2722 aspicis
1530 2653 1592 2757 quia
1607 2650 1724 2707 Verbum
1739 2668 1804 2707 caro

166 2728 247 2775 ratur
260 2717 432 2787 pnstlucem,
458 2726 486 2773 et
507 2717 578 2773 lueis
589 2725 683 2773 auctor
697 2734 750 2772 non
771 2716 871 2772 deserit
892 2716 963 2772 seiri
1014 2719 1105 2781 lactus,
1119 2721 1199 2774 suml
1213 2720 1302 2775 Credis
1319 2721 1345 2773 iri
1359 2718 1458 2775 Filium
1477 2720 1539 2775 Dei:
1557 2720 1678 2789 Domine,
1690 2722 1805 2794 quierit,

165 2786 963 2858 suiilluminaticertaruen.Opaiostradeiectabilispugna
1014 2798 1043 2842 nt
1060 2789 1165 2843 credam
1183 2790 1211 2844 in
1225 2806 1282 2845 cani
1298 2789 1390 2861 (iiiii,
1414 2791 1462 2856 au,
1487 2791 1553 2862 57)?
1577 2790 1634 2860 Ego
1660 2802 1685 2846 ie
1705 2793 1806 2862 aspicio

165 2859 409 2916 eutimiiseonira
430 2858 556 2913 tenebras
568 2857 709 2915 cecitatis!
732 2855 880 2913 adducitur
912 2872 963 2911 rae·
1014 2858 1145 2918 medicum
1171 2875 1269 2925 meum,
1293 2875 1392 2915 uorum
1415 2860 1496 2917 audio
1520 2863 1649 2917 rerbum:
1672 2860 1735 2925 Quis
1754 2872 1805 2929 esi,

165 2936 252 3002 ceptq
261 2928 398 3005 seniorum
410 2934 438 2984 ct
449 2927 599 2999 principum
608 2925 772 2992 iudeorum,
783 2872 964 2983 circumietur
1014 2938 1042 2982 nt
1054 2930 1158 2984 credam
1180 2931 1206 2984 i'ii
1221 2930 1299 2984 enm?
1321 2928 1387 3002 Epo,
1401 2930 1498 3002 inquit,
1512 2947 1579 2999 surii,
1601 2933 1644 3002 qui
1664 2932 1754 3003 loquor
1768 2942 1807 2985 te-

165 3000 263 3055 lbmen
277 3014 293 3053 a
308 2996 436 3065 tenebris,
449 3006 476 3054 et
491 2998 570 3066 erigit
581 2996 698 3053 iacuiam
709 2997 892 3068 responsionis
914 3012 963 3068 pro
1014 3015 1080 3053 enni.
1096 2997 1130 3053 Et
1143 3000 1199 3064 ille,
1212 2998 1305 3065 Credo,
1317 2998 1434 3057 nimie.
1450 3001 1530 3056 Sensi
1541 3001 1708 3071 majestatem
1722 3010 1805 3065 tuam,

165 3066 303 3125 miraculo
317 3066 475 3123 silvatoris.
492 3067 676 3138 interrogatur
690 3074 717 3122 et
729 3066 885 3137 respondet,
909 3067 963 3122 cir·
1014 3076 1041 3123 et
1053 3069 1139 3139 recepi
1155 3070 1304 3126 claritatem
1327 3085 1425 3137 meam,
1440 3085 1520 3140 quani
1543 3072 1631 3126 minus
1654 3071 1735 3126 liabui
1759 3086 1807 3141 per

164 3137 314 3195 cumdatur
327 3143 355 3193 et
368 3152 422 3193 non
434 3137 577 3203 clauditur,
599 3137 715 3207 agitatur
737 3145 765 3192 et
779 3153 832 3192 uon
847 3136 962 3192 circum·
1015 3148 1148 3195 naturam.
1175 3139 1269 3194 dudiri
1292 3155 1388 3196 racem
1412 3150 1505 3207 triam,
1534 3156 1670 3210 cognosco
1693 3141 1806 3212 gloriam

164 3209 287 3265 venitur.
299 3206 571 3279 miclaniensem
585 3208 687 3278 operuit
699 3208 787 3263 oculei
798 3205 963 3280 (tutundit
1016 3216 1099 3265 tuam.
1115 3208 1213 3273 Credo,
1222 3209 1315 3275 eredo,
1325 3210 1411 3277 credo,
1421 3208 1539 3265 iloniine.
1551 3209 1585 3265 Et
1596 3211 1732 3283 precidem
1747 3211 1809 3267 ndu·

164 3278 267 3335 Nonne
287 3286 316 3333 tu
339 3292 399 3334 cras
422 3293 509 3334 cecus
522 3276 619 3335 sedeas
632 3286 659 3334 et
679 3277 836 3334 mendicans
857 3277 883 3331 in
903 3276 963 3331 ria?
1015 3280 1082 3334 iniit
1095 3297 1152 3334 enm
1167 3278 1260 3354 (tite,
1276 3279 1333 3351 58).
1353 3280 1483 3336 ddorarit
1496 3281 1569 3350 quod
1590 3281 1669 3345 vidit,
1695 3282 1809 3337 eredidit

109 3371 116 3377 ·
163 3348 229 3417 Ego
241 3362 316 3403 eram
330 3345 484 3402 mendicans
499 3348 526 3403 iri
541 3347 594 3415 ria,
609 3356 753 3416 antequam
769 3347 895 3403 transiret
909 3348 969 3401 ria.'
1015 3349 1086 3417 quod
1099 3351 1192 3405 sensit.
1208 3350 1338 3406 Adoravit
1352 3350 1516 3406 illuminatus
1534 3351 1633 3415 lumen,
1657 3361 1685 3406 et
1707 3352 1808 3420 gratias

164 3419 271 3492 Aperta
286 3426 349 3474 sunt
362 3418 463 3474 lumina
476 3419 621 3488 mea,quia
635 3417 680 3474 ille
695 3417 962 3487 transitquiestria,
1014 3432 1096 3487 agens
1119 3419 1244 3475 iloniioo.
1268 3418 1319 3486 Qui
1339 3420 1407 3475 dixit
1429 3435 1490 3475 cum
1513 3421 1655 3491 propbeta,
1678 3421 1752 3491 Apud
1772 3430 1806 3488 ie,

163 3489 272 3545 ueritas
284 3496 312 3543 et
325 3489 392 3543 rita.
419 3485 485 3557 Ego,
501 3502 551 3557 ego
564 3504 639 3554 sum;
660 3503 715 3543 oon
736 3487 872 3543 abscondo
886 3487 966 3541 ‹met-
1013 3488 1135 3551 Doniiire,
1160 3492 1219 3561 [orii
1231 3490 1300 3558 ritu,
1315 3499 1340 3545 et
1353 3491 1380 3544 iii
1394 3489 1491 3544 lumine
1506 3499 1548 3544 trie
1568 3489 1706 3545 ridebimus
1721 3491 1806 3544 liinreu

163 3566 256 3616 tatem
270 3574 370 3627 meam,
382 3564 412 3612 ut
421 3555 553 3614 confitear
565 3558 709 3627 gratuitam
728 3556 897 3613 medicinam.
910 3554 964 3611 Cu-
1015 3558 1101 3629 (Psoi.
1116 3575 1198 3625 niis,
1215 3558 1270 3630 tu).

162 3636 247 3686 ratus
261 3644 320 3684 suni
335 3629 362 3683 iri
384 3628 445 3683 loco
468 3628 608 3697 singulari,
631 3636 769 3684 contestor
791 3627 846 3708 sub·
865 3627 964 3708 iumine
1297 3649 1413 3706 5513310
1434 3650 1523 3706 mn·

161 3696 449 3768 emliquiacbristus
464 3695 801 3768 estquimeiecitridere.
817 3694 973 3759 ilrenabis,
1188 3743 1193 3753 .
1308 3742 1313 3753 .
1343 3743 1349 3753 .
1588 3745 1594 3755 .
1626 3744 1631 3755 .
1684 3743 1689 3753 .

161 3769 309 3838 inquiunt,
322 3767 479 3838 qualitatem
494 3768 590 3824 medici
602 3767 739 3831 toi.'i)ico,
755 3783 809 3822 nou
823 3767 972 3821 erubesco..
1097 3740 1506 3843 ⁰5⁸¹¹⁸oe⁰3ll⁸lufloe⁰¹⁶lll
1521 3742 1710 3842 mlif¹i⁷¹¹⁶“¹'¹'·
1766 3832 1771 3840 ὴ

160 3838 348 3908 &angelium
360 3846 402 3893 esi
412 3854 511 3895 novum
521 3837 792 3894 illuminer-smum.
804 3836 880 3902 Dino,
891 3834 962 3901 dico,
1051 3829 1183 3897 Quoniam
1198 3838 1272 3886 renit
1287 3830 1425 3912 Dominus,
1450 3848 1494 3900 qur
1510 3831 1632 3905 buiuriret
1654 3831 1804 3912 calumina-

160 3909 277 3965 utinam
301 3916 329 3963 et
350 3923 399 3964 ros
422 3907 482 3978 ejus
503 3907 636 3979 caperetis
651 3922 782 3970 amorem,
797 3906 844 3990 qui
867 3905 965 3961 medici
1016 3909 1115 3970 torem,
1131 3917 1185 3956 nou
1201 3903 1293 3955 timeat
1306 3899 1427 3957 Ecclesia
1444 3900 1634 3966 feneratorem,
1650 3916 1713 3972 quia
1728 3916 1806 3957 seeu-

159 3978 293 4050 quaeritis
306 3977 478 4048 qualitatem!
493 3976 590 4034 butum
602 3978 666 4034 lecit
679 3991 759 4047 spire
773 3992 828 4032 oris
840 3975 882 4031 sui
895 3990 971 4031 com·
1018 3986 1076 4025 rani
1090 3970 1207 4027 reddidit
1220 3970 1371 4026 mulierem.
1387 3968 1522 4041 Ograude
1536 3972 1691 4042 mysterium
1707 3971 1806 4027 subre-

159 4048 300 4115 riiiitum,
324 4047 393 4104 liniit
414 4048 508 4104 oculos
521 4063 606 4113 meos,
627 4048 700 4102 misit
713 4062 757 4101 me
771 4048 804 4103 ad
823 4046 970 4117 piscinam..
1017 4042 1114 4097 nientis
1128 4041 1180 4096 olei
1192 4048 1400 4105 sacramentum,
1417 4055 1471 4123 quo
1486 4041 1605 4097 debiturn
1617 4040 1740 4107 solvitur,
1754 4043 1807 4097 rita

158 4118 242 4187 Quid
268 4117 364 4173 inerim
386 4128 547 4174 consecutus
567 4124 753 4174 contestantur
774 4115 876 4171 lumina
894 4131 964 4169 mea.
1018 4111 1183 4180 transigitur,
1200 4112 1344 4167 etrenturi
1352 4110 1450 4180 judicis
1458 4112 1589 4168 securitas
1599 4106 1807 4182 comprobaturi

159 4188 686 4256 Quiduicis?nora1·esesi‚meniuis.;
701 4185 735 4244 rie
746 4185 804 4241 luto
817 4201 964 4254 nunquam,
1016 4180 1153 4251 ilgraude
1168 4182 1335 4253 mysterium,
1349 4182 1422 4252 quod
1437 4190 1478 4237 cst
1493 4181 1518 4236 in
1533 4197 1617 4238 cornu
1631 4180 1807 4262 conclusum!

159 4273 311 4328 nunquam
325 4258 530 4315 sciinusocuios
547 4258 613 4315 ceci
633 4274 693 4314 esse
713 4254 873 4328 pateloqtos.
898 4255 968 4311 llere
1019 4248 1095 4307 Unde
1118 4258 1254 4320 ungantur
1274 4253 1442 4315 sacerdotes,
1467 4252 1529 4307 inde
1552 4252 1696 4308 rincuutiii
1720 4252 1809 4323 cupidi

157 4328 271 4395 dicitis,
287 4329 349 4397 quia
365 4328 474 4384 nescitis
491 4328 631 4400 quodnon
647 4317 760 4384 uidistis.
774 4325 832 4397 Ego
847 4326 909 4381 nori
921 4325 966 4396 qul
1018 4321 1176 4378 creditores.
1200 4319 1274 4377 Unde
1295 4321 1463 4390 ungebantur
1477 4323 1626 4393 propbeta,
1649 4323 1710 4377 iude
1723 4332 1810 4376 mater

157 4400 266 4466 rideo,
280 4398 325 4468 qui
340 4398 452 4464 credidi,
473 4398 547 4455 sensi
567 4397 668 4452 etridi.
684 4395 750 4453 iirat
762 4405 899 4453 certamen
911 4412 969 4450 ma·
1019 4407 1080 4447 cuni
1095 4390 1156 4447 liliis
1178 4407 1231 4445 non
1249 4393 1324 4447 timet
1344 4392 1533 4447 leucratorein.
1560 4390 1636 4447 iiude
1655 4392 1811 4447 sacerdotes

155 4470 334 4549 gnuni,quia
343 4466 713 4537 lumeorerritraagiium.dlii
722 4466 856 4529 dicebant,
865 4474 968 4521 nonest
1020 4462 1190 4525 liniebantur,
1208 4461 1406 4518 iudcsucerdos
1426 4460 1514 4530 major
1531 4459 1646 4517 efficitur
1660 4477 1721 4515 cuni
1735 4461 1806 4516 dulci

156 4535 928 4612 ipse.diridicebant,ipseest0ninesrerunidieebant,
940 4544 968 4590 et
1019 4531 1132 4587 ecclesia
1154 4531 1280 4586 liliorum.
1301 4529 1334 4584 Et
1355 4531 1428 4587 sieut
1448 4530 1481 4586 de
1496 4531 1587 4587 uiuitis
1602 4546 1682 4585 urium
1694 4531 1811 4600 liquatur

155 4612 230 4681 ipse
242 4615 314 4677 erat,
324 4616 351 4663 et
365 4622 419 4663 nau
430 4608 566 4679 eratipse.
579 4608 607 4662 Si
617 4605 898 4670 heminemattendas,
910 4606 968 4673 ipse
1020 4608 1196 4671 unguentum,
1211 4600 1247 4655 ita
1261 4600 1314 4656 line
1322 4602 1477 4672 mysterium
1491 4600 1552 4656 iecit
1561 4614 1622 4655 cuni
1634 4608 1720 4655 matre
1735 4599 1810 4656 liabi-

154 4689 246 4746 erai;
262 4679 285 4734 si
296 4678 389 4735 oculos
399 4678 564 4744 consideres,
570 4694 627 4741 non
638 4687 697 4733 erat
706 4677 774 4746 ipse.
788 4676 817 4731 Si
827 4674 968 4745 speculum
981 4689 1008 4748 1)
1021 4679 1079 4726 tare
1090 4670 1188 4751 iratres
1202 4671 1228 4724 ιιι
1246 4686 1339 4752 unum.
1358 4669 1390 4752 0.
1400 4670 1486 4752 gratia
1508 4670 1572 4751 olei,
1583 4670 1662 4753 ⁸unde
1673 4670 1809 4752 plangenti

153 4749 311 4816 attendas,
322 4746 380 4819 ipse
391 4758 464 4815 erati
476 4749 500 4804 si
509 4748 600 4803 iumen
611 4748 638 4802 iii
649 4746 759 4817 speculo
766 4745 966 4815 contempleris,
1019 4749 1184 4796 succurritur
1196 4749 1290 4805 matu,
1305 4749 1345 4795 ,ιι
1366 4741 1494 4795 violentia
1509 4740 1635 4795 adimitur
1657 4738 1808 4797 feneranti!

153 4836 226 4876 non
244 4820 303 4888 ipse
316 4826 393 4873 erat:
408 4819 606 4888 quiamedicus
626 4818 685 4887 ejus
707 4818 735 4872 in
760 4814 892 4887 principio
909 4825 969 4870 erat
1018 4809 1185 4866 Oeoniectio
1199 4826 1262 4866 cuni
1272 4825 1324 4880 qua
1339 4818 1384 4866 cst
1399 4809 1471 4866 iacta
1486 4810 1590 4866 curatio
1602 4810 1609 4864 l
1622 4808 1685 4866 iride
1696 4811 1809 4866 vulnera

152 4889 305 4953 Verbum,
319 4895 347 4944 et
360 4886 479 4944 Verbum
493 4887 566 4957 apud
574 4887 662 4942 ileum
677 4887 747 4943 [teus
760 4893 831 4942 erat.
846 4885 904 4941 Non
922 4900 968 4941 no·
1018 4880 1094 4936 linita
1104 4879 1247 4935 leuentur:
1263 4880 1325 4936 iude
1337 4880 1453 4952 superba
1463 4881 1546 4937 corda
1558 4880 1712 4945 mitescunt,
1724 4888 1754 4936 ut
1764 4881 1812 4936 de·

153 4961 223 5027 bis,
242 4957 378 5031 inquiunt,
393 4957 494 5015 suflicit
508 4956 662 5014 testillcatio
675 4966 730 5025 tua,
742 4971 795 5011 noii
810 4955 818 5011 ι
853 4970 867 5008 a
880 4956 968 5023 imago
1019 4949 1093 5006 linita
1107 4949 1169 5007 oleo
1182 4950 1336 5008 chrismatis
1360 4950 1429 5006 colia
1438 4950 1531 5020 jugum
1542 4949 1676 5021 accipiunt
1685 4965 1811 5007 mansue·

152 5040 225 5089 tua.
252 5026 313 5084 Nun
335 5036 377 5084 est
395 5027 404 5082 i
424 5029 547 5096 sa,.seio,
559 5027 648 5095 imago
662 5042 732 5083 nica.
747 5025 801 5082 Sed
815 5026 822 5080 ι
835 5026 860 5080 ιι
876 5024 910 5079 ad
923 5040 967 5080 me
1020 5030 1088 5077 tuni.
1109 5018 1175 5086 Quis
1190 5037 1244 5076 non
1258 5020 1381 5076 attendat
1394 5020 1427 5075 ad
1442 5021 1495 5076 olei
1510 5028 1721 5090 sacramentum,
1740 5020 1810 5077 unde

150 5100 248 5158 venit
291 5096 317 5152 ui
338 5112 381 5152 me
403 5043 467 5153 iicii
489 5096 524 5153 ad
547 5099 582 5153 im
619 5098 689 5152 inem
712 5106 741 5153 et
764 5093 964 5152 similitudinem
1019 5091 1285 5147 niulierlibertatem
1298 5090 1433 5161 conquirit
1454 5092 1603 5147 natorum‘.l
1627 5090 1812 5147 Omnesenim

150 5112 470 5233 suam.iientiris,.non
482 5168 540 5237 ipse
551 5182 590 5223 es.
625 5182 660 5221 on
675 5166 732 5237 ipse
745 5181 815 5225 suni.
830 5165 893 5236 quia
907 5181 965 5219 mu-
1019 5159 1088 5217 iacit
1098 5161 1201 5229 ridere,
1224 5161 1287 5232 quia
1300 5162 1359 5217 sine
1373 5161 1434 5217 oleo
1448 5177 1501 5216 noo
1525 5169 1615 5231 potest
1630 5161 1742 5217 lucerna
1762 5161 1812 5217 lui·

150 5249 247 5300 tatus
259 5252 341 5293 inm..
353 5234 453 5292 iubent
474 5235 572 5292 adduci
592 5247 727 5307 parentes,
751 5244 781 5292 ut
803 5235 857 5291 lilio
871 5233 966 5290 tierent
1019 5245 1092 5301 gere.
1117 5230 1147 5285 iu
1161 5239 1332 5287 sacramento
1356 5231 1447 5300 itaque
1462 5231 1516 5287 olei
1539 5231 1625 5301 gratia
1640 5239 1682 5288 est
1696 5230 1813 5302 Spiritus

148 5317 333 5369 assertores.
350 5306 529 5363 Adducuntuc
539 5314 675 5378 parentes,
698 5314 727 5362 et
739 5305 892 5361 testimonia
905 5318 968 5359 cre·
1018 5299 1120 5356 sancti.
1135 5298 1339 5356 illuminationis
1351 5301 1497 5371 pinguedo,
1513 5301 1600 5358 noctis
1611 5308 1685 5357 casta
1704 5308 1814 5358 succes-

147 5386 270 5447 scunt,
297 5384 325 5433 et
350 5385 528 5433 accusatores.
548 5376 725 5445 erubeseunt,
748 5372 773 5429 0
798 5373 964 5442 malignitas!
1019 5370 1249 5429 sieteuebrarum
1264 5369 1339 5438 lugat
1352 5385 1501 5427 accessum.
1519 5371 1591 5427 inter
1605 5372 1730 5427 tenebras
1741 5373 1813 5427 euim

147 5458 271 5510 contra
285 5461 316 5502 se
328 5454 504 5516 magregaut
515 5446 678 5512 testimonia,
703 5453 732 5499 ut
754 5443 832 5515 pieria
848 5441 969 5499 ileretde
1021 5449 1081 5497 erat
1094 5440 1145 5496 ista
1159 5439 1250 5496 sidua.
1269 5439 1356 5496 iiater
1368 5440 1491 5498 desolata
1504 5442 1573 5506 rire,
1586 5448 1698 5510 gravata
1708 5441 1813 5508 debito,

146 5534 245 5580 mo
260 5513 912 5585 victoria..lleiiiunt,staritlirmedioseriierum,
928 5510 976 5566 iii·
1022 5520 1050 5568 et
1072 5510 1179 5566 addicta
1222 5510 1409 5581 emumjugo:
1433 5512 1563 5567 amiserat
1578 5526 1633 5581 pne
1648 5511 1728 5567 tscdie
1743 5512 1814 5568 lucis

146 5604 223 5650 rm
267 5584 398 5642 ant:.iiic
418 5585 488 5641 lilius
502 5595 590 5642 vester
603 5586 705 5654 estqui
718 5583 829 5641 sedebat
842 5597 929 5639 aecus
940 5590 976 5638 et.
1022 5597 1052 5637 as
1087 5588 1171 5636 ctum.
1214 5581 1536 5651 enebraspatlebaturde
1555 5581 1813 5639 conventionecrn·

144 5677 229 5721 meri
258 5654 370 5713 ieansin
386 5655 448 5711 iia?
469 5654 504 5711 Et
521 5656 578 5711 illi:
600 5655 660 5726 ipse
673 5664 725 5721 est,
738 5654 861 5710 norimus
884 5652 978 5706 lilium·
1022 5651 1056 5707 de
1068 5650 1122 5706 ium
1137 5649 1325 5706 leocramlum.
1345 5650 1422 5709 Foris
1442 5651 1579 5716 violentia,
1603 5651 1676 5708 intus
1695 5653 1814 5709 miseria.

144 5740 297 5792 nostrum
311 5735 359 5781 :et
367 5725 390 5780 si
400 5741 538 5797 negamus,
552 5722 969 5793 accusatallcctus3sedopertos
1023 5720 1156 5789 Quaeritur
1169 5720 1363 5786 misericordia,
1389 5731 1417 5776 et
1440 5738 1494 5776 uon
1517 5722 1624 5793 estqui
1646 5721 1738 5786 iaciat.
1763 5724 1815 5779 uisi

143 5795 490 5875 ejiisoculosvidemus,
513 5804 542 5852 et
564 5795 685 5865 nosipsi
708 5795 969 5849 riiiramur:venter
1041 5791 1165 5861 replicta.
1190 5791 1347 5861 interpellat
1375 5791 1499 5848 Eliseum
1529 5792 1626 5851 mulier
1660 5800 1813 5861 angustata.

141 5881 270 5937 noster
282 5863 376 5923 eliudit
385 5881 496 5923 cecum.
508 5864 664 5936 ignorantes
677 5869 768 5920 autem
781 5864 842 5933 quis
855 5861 919 5917 lecit
933 5860 968 5917 de
1021 5808 1149 5923 inirent,
1167 5860 1275 5917 domiue
1288 5877 1365 5918 serre
1376 5860 1422 5917 liei
1434 5879 1442 5926 ;
1462 5877 1543 5918 eausa
1554 5862 1700 5935 requiritur
1710 5873 1738 5919 et
1748 5879 1814 5933 pari-

140 5948 242 6001 mo
257 5935 828 6007 illuminamur.Filiosqetuem.nosieresi,
842 5931 968 6004 iedjaiste
1021 5933 1104 6001 ditor,
1129 5941 1157 5988 et
1182 5933 1306 6005 irerpoue
1325 5949 1385 6003 ¹riori
1408 5935 1569 5991 estimetur.
1597 5934 1670 6003 Scis,
1694 5935 1814 5999 domine,
