4152 6344
170 451 222 511 95!
380 522 387 533 ι
890 440 1007 499 sentio
1025 440 1117 499 labli.
1709 495 1711 498 ,
1754 443 1808 501 938

170 577 271 634 rirtotc
284 573 390 633 sanarit
402 587 495 630 coram
516 568 655 633 mulieris,
679 576 708 624 et
722 566 806 625 serbo
825 563 966 621 suscitavit
980 567 1003 626 Α
1018 579 1081 627 eona
1094 564 1192 634 gaudio
1206 565 1307 631 vitame
1323 573 1351 622 et
1364 573 1491 635 tanquam
1505 576 1625 618 csomnn
1636 572 1810 643 experrectus

170 661 285 717 puerum
305 644 481 702 centurionis.
508 640 654 697 Duodecim
674 639 753 693 annis
766 635 864 691 mulier
876 633 964 689 medi·
1017 633 1127 693 domurn
1135 634 1253 692 reddidit
1262 637 1360 692 latam.
1376 634 1487 704 Magnus
1497 634 1626 697 medicos,
1637 634 1735 689 fratres
1745 648 1809 695 met,

170 717 212 773 cis
225 716 345 786 erogavit
358 712 537 770 substantiam
550 725 628 767 suam
643 706 741 777 (flore.
756 723 783 771 tt,
796 704 842 770 ts,
855 703 903 774 ad)
916 720 965 760 cn·
1016 719 1111 775 puram
1127 713 1168 760 est
1182 707 1244 777 quia
1270 706 1402 761 medelam
1421 705 1495 760 dedit
1509 704 1611 758 vulneri
1624 721 1639 786 ς.
1653 704 1764 772 insuper
1776 712 1811 784 ‚et

171 788 249 857 piens
267 785 394 849 eradere,
421 782 470 840 sed
488 782 510 837 si
532 780 656 836 Christus
679 792 732 833 non
770 777 908 841 venisset,
936 775 964 830 ia
1016 776 1132 829 animam
1148 776 1263 832 rodlidit
1277 776 1372 831 funeri.
1387 774 1422 829 Et
1434 774 1552 839 credidit,
1567 775 1666 844 inqtttt,
1683 783 1809 854 cctttrtrto,

170 872 254 911 causa
268 856 362 910 babuit
374 867 523 910 remanere.
540 851 694 906 Abstulerat
702 848 796 917 itaque
808 845 906 901 femina
918 859 965 899 eu·
1016 854 1041 898 et
1055 845 1146 901 donans
1163 846 1234 901 illins
1251 854 1306 900 toto
1320 845 1411 915 (donn.
1427 863 1464 913 tr,
1479 844 1536 913 53).
1561 843 1632 900 Ecce
1646 858 1701 911 ouo
1716 840 1811 897 ordine

171 941 231 980 ram
246 924 367 995 pudoris,
382 931 414 979 ιιι
431 922 584 979 bominibus
605 919 735 991 panderet
748 916 846 972 secreti
860 915 902 970 sui
916 915 967 969 do·
1017 915 1086 970 benc
1099 916 1229 978 creditur,
1245 917 1285 973 sie
1296 917 1394 972 melius
1407 931 1422 969 a
1435 914 1547 987 perddia
1559 913 1700 986 receditur.

173 996 270 1051 iorem.
291 994 455 1051 Promittunt
478 991 575 1046 medici
597 990 754 1074 sanitatem,
767 986 871 1068 ⁸utufier
884 984 965 1066 dissi·
1306 1024 1422 1079 SERMO
1441 1023 1531 1078 Lm·

172 1076 221 1137 pat
234 1065 412 1129 facultatem
435 1071 465 1117 et
477 1062 654 1118 substanttam
677 1058 798 1121 donant,
821 1063 967 1111 etsanttas

172 1136 320 1205 elongavit
334 1135 498 1190 dimiserunt
518 1130 646 1188 archiatri
660 1127 869 1208 mendicantem,
885 1139 966 1205 quam
1204 1194 1210 1208 υ
1293 1104 1359 1207 'itm
1387 1104 1420 1207 df
1441 1104 1537 1207 ‘m‘
1804 1196 1810 1210 .

175 1221 230 1260 aon
253 1203 429 1260 reddiderunt
446 1202 652 1272 jocundantem.
679 1198 788 1254 duobus
802 1211 859 1265 Jatn
879 1194 968 1250 ntodts
1051 1194 1226 1265 Tentpcralts
1240 1194 1336 1250 medtct
1351 1202 1432 1250 statto
1450 1192 1556 1249 rtdetttr
1568 1207 1628 1250 esse
1642 1191 1739 1258 defixa,
1766 1195 1812 1252 ultt

175 1274 271 1330 tttttlicr
284 1274 464 1344 fatigabatur:
485 1273 605 1342 inopiam
624 1268 785 1334 sustinebat,
803 1274 831 1321 et
844 1279 966 1337 putuatn.
1019 1265 1163 1322 heritarum
1179 1265 1303 1321 redolent
1316 1264 1502 1328 medicamina,
1519 1265 1587 1319 etin
1604 1266 1683 1321 tectis
1693 1268 1809 1322 curatio·
1829 1264 1833 1281 '

171 1343 304 1403 &rooles
333 1342 430 1400 medici
456 1357 518 1399 oon.
537 1341 679 1396 valuerunt
710 1336 815 1393 metata
844 1334 967 1403 reficere,
1020 1337 1061 1392 nis
1076 1337 1181 1391 inclusa
1206 1335 1325 1390 renitent
1346 1334 1518 1401 ferratnenta,
1543 1337 1588 1404 nui
1607 1351 1670 1391 curn
1686 1334 1758 1391 forte
1777 1338 1812 1392 alt

175 1430 256 1483 quam
268 1414 410 1486 praedando
419 1413 565 1468 voluerunt
575 1410 688 1483 penuria
698 1407 825 1462 debeone.
840 1404 969 1461 AEstnatts
1019 1406 1127 1462 inlirttto
1147 1406 1336 1474 interpellatus
1354 1404 1436 1460 fuerit
1460 1407 1487 1460 itt
1511 1406 1617 1476 platea,
1644 1422 1697 1489 non
1721 1416 1813 1477 potest
1832 1474 1835 1479 ,

174 1485 257 1552 igitur
269 1486 303 1540 de
316 1491 447 1553 egestate,
459 1491 488 1537 ct
501 1483 547 1537 diu
570 1482 693 1550 cogitans
713 1478 747 1534 dc
761 1477 886 1538 sanitate,
903 1489 970 1530 cott-
1019 1477 1177 1548 impendere
1188 1476 1304 1532 subitam
1319 1475 1486 1543 medicinam,
1506 1476 1557 1531 ttisi
1578 1475 1612 1531 de
1633 1484 1750 1532 stattonc
1765 1494 1814 1534 tto·

176 1554 289 1610 siliatritt
304 1569 358 1609 non
372 1553 457 1608 defuit
468 1552 545 1619 fides,
564 1566 625 1622 quae
640 1549 754 1622 pelleret
767 1549 967 1602 noeesttatem.
1018 1547 1135 1604 camaria
1150 1562 1242 1602 seeum
1264 1547 1357 1601 tulerit
1378 1545 1551 1616 ferramenta.
1570 1542 1697 1602 Citristus
1721 1557 1812 1604 antem

177 1622 247 1681 Ecce
262 1625 350 1679 otonis
363 1623 513 1679 substantia
527 1637 587 1678 mea
611 1638 627 1676 a
641 1619 752 1676 medicis
766 1626 809 1673 est
829 1616 968 1686 dissipata,
1019 1618 1100 1674 simul
1115 1626 1187 1673 totus
1201 1617 1267 1680 ibat,
1282 1619 1345 1686 guia
1355 1616 1475 1672 medicus
1488 1633 1540 1672 aon
1552 1624 1612 1699 urat
1623 1626 1692 1682 arte,
1705 1618 1752 1674 setl
1764 1635 1813 1691 po·

177 1704 206 1749 et
220 1694 288 1749 mibi
303 1708 356 1749 nott
371 1695 482 1764 proluit,
507 1692 570 1762 qnia
585 1707 639 1746 uon
654 1706 713 1748 sum
736 1696 840 1744 curata.
864 1685 970 1742 intonit
1021 1698 1129 1752 testate,
1153 1703 1204 1743 nec
1226 1687 1370 1751 industria,
1393 1686 1440 1740 sed
1464 1686 1618 1742 clemetttta.
1652 1687 1813 1743 dtttbtdabat

176 1766 318 1821 consiliunt
336 1764 417 1819 tacita
433 1763 507 1818 fltles.
530 1761 608 1817 Videt
621 1760 770 1824 medicum,
793 1758 865 1812 videt
880 1766 908 1812 ct
921 1772 970 1827 po-
1021 1759 1141 1815 medicus
1151 1772 1243 1814 secum
1257 1766 1369 1828 portans
1383 1756 1527 1812 stitiottettt
1542 1772 1629 1823 satam,
1644 1757 1669 1811 id
1684 1768 1735 1819 est.
1752 1760 1813 1813 sus-

179 1835 283 1905 pulum.
305 1832 427 1902 eogetat
441 1833 513 1888 illam
528 1832 608 1888 dolor
630 1830 791 1886 medicinam
815 1838 919 1897 petere,
940 1833 971 1882 et
1020 1839 1128 1900 ceptam
1148 1828 1296 1885 dementer
1318 1842 1427 1904 carnem
1448 1842 1534 1910 strata.
1559 1825 1678 1910 Ostatio
1693 1829 1811 1897 pietatis,

176 1907 267 1974 pudor
280 1904 453 1975 impediebat,
468 1919 503 1959 ne
517 1917 627 1958 eausam
643 1915 719 1957 suam
734 1913 827 1954 coram
841 1896 970 1953 masculis
1021 1899 1125 1969 puritas
1139 1900 1229 1955 carnis
1242 1899 1277 1954 de
1291 1907 1369 1953 uteru
1380 1898 1499 1965 tirgiuts,
1512 1912 1566 1966 qua
1579 1913 1667 1952 outots
1678 1913 1757 1968 poena
1768 1915 1814 1954 cta

178 1974 319 2030 indicaret.
337 1973 452 2041 lfittam,
464 1973 560 2045 inquit,
576 1987 686 2028 manum
700 1984 800 2033 meam,
819 1975 847 2023 et
862 1975 969 2031 tangam
986 1944 1098 2026 Bratur
1119 1969 1212 2025 ntundi
1233 1967 1404 2037 langueatis!
1430 1967 1516 2023 Tenet
1535 1967 1618 2034 trojus
1647 1967 1814 2025 medicinalis

178 2045 312 2100 danubrium
328 2044 479 2099 vestimenti
494 2044 563 2111 ejus,
578 2053 605 2099 et
615 2041 716 2098 efficiar
725 2037 896 2109 sanatfbitl,
912 2035 970 2109 28).
1023 2042 1170 2096 stationum
1193 2039 1302 2094 ansulas
1325 2048 1402 2109 pater
1424 2039 1599 2107 interpellans
1620 2038 1740 2108 profilia
1764 2055 1814 2095 sna
1902 2034 1909 2047 ’

181 2116 253 2170 Ausa
269 2115 457 2184 ostucciperc
473 2113 623 2184 qttoduusu
639 2128 692 2168 non
714 2110 762 2165 fuit
780 2119 883 2178 petere.
907 2106 972 2161 Sta·
1025 2109 1102 2179 (itte.
1118 2108 1247 2180 tuadi).
1278 2108 1337 2163 allia
1382 2109 1452 2162 ufsat
1475 2109 1814 2190 furtivotactuaasnfant

176 2184 245 2240 bant
257 2185 350 2255 itaque
362 2184 498 2254 discipuli,
513 2191 539 2239 et
551 2183 637 2239 turbo
651 2181 746 2243 simul,
762 2190 791 2235 et
801 2193 880 2249 pares
894 2177 972 2232 audi·
1024 2180 1121 2236 mulier
1133 2178 1283 2235 verecunda
1296 2178 1349 2247 (fii
1370 2219 1389 2246 .‚
1403 2177 1460 2247 ta).
1482 2177 1594 2233 Furuntt
1614 2187 1742 2262 aperttur,
1766 2196 1815 2264 pe-

175 2257 267 2310 nimus
291 2257 434 2318 ducentem
452 2252 600 2308 Citristum.
626 2251 775 2308 llutlientes
787 2258 877 2304 tamen
893 2247 974 2318 liujus
1025 2251 1092 2307 tenti
1104 2248 1236 2308 dilinitur.
1252 2248 1299 2306 fite
1313 2258 1425 2319 tangens
1438 2248 1560 2304 ansulam
1576 2257 1652 2320 puter
1666 2249 1729 2306 factt
1741 2266 1814 2306 sont·

179 2326 220 2380 rei
233 2334 316 2393 gestae
330 2340 382 2379 nou
397 2323 505 2378 fuerunt
519 2333 653 2394 expertes.
669 2323 769 2387 Sentio,
784 2319 871 2390 inquit
884 2318 972 2385 lesus,
1026 2330 1082 2378 tom
1097 2323 1131 2378 de
1151 2336 1200 2376 sua
1214 2321 1445 2391 interpellatione,
1461 2319 1543 2375 turba
1560 2328 1749 2390 exspectante,
1766 2337 1814 2391 po·
1898 2382 1904 2391 ,

180 2396 364 2450 emersisse
389 2397 507 2450 uirtutem
522 2392 599 2466 (Lac.
616 2410 670 2455 stu,
695 2391 752 2465 td).
777 2390 811 2445 Et
835 2389 973 2461 discipuli,
1045 2393 1089 2449 nlo
1103 2391 1294 2461 subsequente,
1318 2390 1387 2446 coelo
1406 2398 1541 2460 stupente,
1567 2398 1654 2446 morte
1669 2399 1813 2449 tremente.

183 2465 303 2528 flandae,
320 2466 401 2521 turio
415 2473 440 2519 te
450 2466 623 2534 comprimant
638 2462 732 2535 (itta,
746 2460 804 2530 lb).
824 2459 916 2526 Petne,
932 2461 974 2515 ia·
1025 2409 1196 2519 [lulicrvcro
1211 2460 1245 2516 de
1259 2475 1339 2515 cattsa
1352 2461 1459 2531 pudica,
1485 2460 1519 2514 dc
1533 2458 1584 2514 ide
1595 2475 1700 2524 secura,
1721 2462 1815 2518 sic-te-

181 2537 251 2605 tptit,
265 2536 354 2590 sentio
368 2551 384 2591 a
399 2549 443 2590 nte
458 2535 545 2590 exisse
559 2535 697 2591 uirtutem.
718 2532 786 2599 Quid
801 2531 877 2595 dicis,
895 2529 975 2587 toric
1026 2534 1085 2601 tigit
1095 2531 1217 2589 ansulam
1229 2531 1365 2595 stationis,
1381 2538 1410 2585 ut
1425 2538 1489 2585 autc
1503 2538 1634 2585 statueret
1653 2529 1813 2601 prolluuuta

181 2616 206 2658 te
218 2606 415 2677 comprimunt?
439 2603 535 2659 ilolicr
556 2605 637 2678 igitur
650 2609 724 2658 tactu
746 2599 900 2656 vestimenti
915 2599 975 2654 lim-
1024 2602 1171 2672 sanguinis,
1187 2616 1269 2670 quatu
1281 2617 1331 2657 t‘ox
1341 2599 1709 2683 claresceretcuttbtentisd
1730 2602 1814 2672 critur

180 2675 247 2731 brice
270 2676 363 2730 sanior
384 2673 490 2742 effecta,
516 2674 604 2729 timuit
619 2673 708 2729 celare
727 2668 889 2727 beneflcinut
902 2668 976 2740 quod
1025 2674 1117 2740 statio,
1132 2673 1213 2728 scatit
1224 2680 1335 2740 agnota,
1350 2679 1378 2727 ct
1390 2688 1441 2726 uon
1456 2671 1579 2738 intelligtt
1593 2671 1680 2726 turba.
1722 2688 1755 2728 ott
1770 2689 1815 2729 sn·

182 2745 297 2815 accepit,
312 2750 351 2801 ne‘
360 2746 533 2801 datnnarctur
546 2744 609 2814 quia
623 2760 677 2799 aon
693 2742 780 2813 petiit,
804 2740 913 2796 silentio
927 2754 974 2794 ac·
1026 2751 1073 2799 nat
1086 2741 1190 2807 ansula,
1204 2751 1232 2798 ct
1243 2741 1412 2813 ptucedit‘de
1425 2742 1495 2796 ostio
1509 2741 1652 2798 tucdiciua.
1674 2740 1814 2812 Egreditur

178 2817 265 2886 cepit,
289 2816 361 2885 quod
377 2816 458 2871 tacite
474 2816 569 2885 petiit:
597 2828 703 2870 sutntno
717 2813 862 2882 digitorum
875 2809 975 2864 Claristi
1025 2814 1060 2870 dc
1085 2813 1186 2883 tetttplo
1207 2813 1355 2881 majestatis
1376 2811 1492 2882 Spiritus
1506 2819 1624 2881 sanctus,
1647 2812 1692 2868 illc
1710 2814 1815 2869 subtilis

179 2895 297 2957 tangens
311 2885 444 2942 fimbriam
458 2884 556 2941 femina
570 2886 669 2941 meruit
679 2882 800 2947 liberari,
814 2895 875 2950 quat
892 2894 977 2934 ame·
1026 2900 1080 2939 non
1091 2883 1157 2939 facit
1176 2884 1328 2953 strepitum,
1353 2891 1381 2937 et
1404 2882 1525 2936 sanitatis
1539 2892 1666 2949 operatur
1679 2882 1814 2941 effectum.

180 2954 252 3012 dreis
276 2968 435 3026 consumpta
457 2971 518 3011 ctttn
543 2955 668 3026 precibus
694 2952 782 3023 prada
807 2965 975 3021 nequaquam
1025 2954 1131 3010 Clamat
1145 2953 1236 3025 opifex
1251 2954 1387 3017 medicus,
1403 2950 1466 3017 Quia
1478 2969 1518 3006 me
1532 2952 1615 3019 tetioit
1636 2950 1730 3021 (titt,
1745 2954 1815 3021 titt

182 3026 272 3098 potuit
285 3025 403 3081 liberari.
415 3025 540 3080 birinum
552 3025 618 3081 tides
631 3025 748 3095 providit
758 3016 891 3077 medicum
905 3035 976 3076 curae
1028 3042 1082 3082 non
1098 3034 1128 3081 ut
1144 3032 1217 3080 essct
1231 3039 1309 3094 poena
1324 3023 1456 3093 tangenti,
1471 3023 1518 3078 sed
1533 3031 1562 3081 ut
1576 3010 1636 3079 lans
1649 3024 1754 3094 publica
1768 3025 1815 3082 pe.

180 3095 316 3161 otutieris,
332 3104 362 3151 ut
375 3111 426 3151 nec
441 3096 498 3166 ipse
508 3110 620 3152 cansam
632 3101 775 3165 qttacreret,
791 3107 842 3148 nec
856 3091 900 3146 illa
914 3107 978 3161 pan-
1027 3104 1070 3153 ret
1082 3095 1266 3167 praesumenti.
1291 3092 1434 3150 Praecessit
1449 3093 1514 3149 tides
1527 3093 1665 3163 spiritalis,
1686 3105 1714 3149 et
1728 3104 1816 3155 taetus

181 3166 263 3222 deret
277 3175 411 3222 secretam
426 3166 547 3236 pudoris.
564 3164 600 3220 lit
623 3179 688 3234 ergo
708 3162 831 3219 cbristus
845 3161 906 3217 ttdoi
921 3159 977 3217 fru-
1028 3175 1156 3238 operatus
1174 3172 1216 3221 est
1229 3163 1394 3247 corporalis.¹
1409 3161 1478 3245 lluic
1492 3172 1582 3219 autent
1604 3173 1632 3219 et
1653 3163 1697 3247 illa
1721 3182 1816 3223 securo

186 3245 260 3293 ctunt
283 3237 387 3291 cttnctis
408 3235 612 3302 deutoasbavit,
638 3246 703 3290 tunc
716 3243 743 3290 et
755 3234 854 3289 tttulier
867 3247 975 3287 cansam
1027 3237 1185 3309 praesumit:
1202 3244 1229 3291 et
1244 3250 1289 3306 qut
1303 3242 1418 3303 curovtt,
1440 3233 1558 3290 ltltenter
1570 3244 1687 3303 aceeptt.
1709 3234 1749 3290 dd
1764 3237 1816 3293 ltoc

181 3320 261 3362 anam
274 3321 365 3362 corant
380 3304 506 3361 masculis
521 3305 658 3361 indicavit.
671 3304 720 3360 dut
733 3303 811 3361 lesus
824 3305 873 3367 ait,
894 3302 975 3367 Vade,
987 3315 1013 3380 c
1027 3309 1100 3364 enim
1124 3306 1276 3372 descendit,
1295 3312 1325 3359 ut
1345 3313 1512 3372 tangeretur,
1538 3313 1567 3359 ut
1581 3304 1744 3374 palparctur.
1765 3305 1816 3375 Qui

183 3376 252 3447 filio,
267 3375 333 3447 fider
348 3385 392 3429 too
407 3385 430 3430 tc
442 3377 542 3430 taluam
556 3377 626 3447 tecit.
642 3374 677 3429 Et
698 3374 770 3430 adlata
784 3376 854 3447 secto
868 3383 906 3427 est
919 3390 977 3427 tttn·
1028 3377 1114 3448 tangit
1126 3383 1242 3439 montes,
1255 3384 1283 3431 et
1296 3375 1427 3441 fumigant
1440 3373 1592 3444 (laad-cut,
1609 3372 1692 3443 52),a
1705 3376 1817 3433 tnuiiers

183 3445 343 3501 fieresilio
354 3442 541 3515 doratlfattft.
559 3444 670 3516 reid).
692 3444 880 3500 linientedico
906 3452 976 3498 ettn
1026 3448 1148 3516 tangitur
1162 3453 1189 3502 et
1207 3446 1336 3500 viviticat.
1363 3443 1429 3499 ttatn
1447 3444 1470 3500 si
1485 3460 1538 3500 nou
1552 3454 1625 3526 esset
1643 3444 1816 3503 abillaeum
1851 3458 1858 3473 .

183 3517 327 3572 committe
349 3526 454 3571 secretu
468 3516 639 3573 conscientie
654 3525 717 3583 ture,
741 3521 769 3571 et
781 3515 836 3571 rito
853 3513 975 3569 curaris:
1028 3516 1168 3588 puseolum
1182 3515 1291 3578 factata,
1307 3531 1361 3569 nott
1373 3514 1491 3572 libenter
1502 3522 1637 3584 uectperet
1653 3524 1764 3571 tactum.
1781 3516 1817 3572 fit

185 3587 258 3657 quod
272 3587 294 3642 si
307 3586 468 3655 neglexeris,
483 3592 605 3657 tempore
618 3586 744 3641 diuturno
758 3582 913 3639 ludificaris
930 3582 978 3638 llic
1029 3588 1124 3643 sinon
1149 3594 1221 3641 esset
1244 3586 1278 3639 ab
1302 3585 1349 3643 illo
1373 3584 1443 3640 faeta
1463 3598 1598 3654 compago
1622 3586 1817 3656 membrorum,

182 3656 368 3712 enimomnes
384 3664 462 3711 sanat
482 3656 585 3728 absque
603 3656 759 3715 ferramenti
774 3654 859 3736 cade,
881 3653 927 3722 qui
948 3662 979 3709 et
1029 3672 1165 3726 nonquam
1178 3655 1300 3712 ntulicris
1315 3655 1380 3711 tides
1396 3656 1556 3727 perduceret
1574 3655 1607 3711 ad
1622 3658 1816 3725 spectaculum,
1906 3655 1911 3665 “

188 3726 328 3781 mulierem
343 3726 449 3783 curarit
462 3725 520 3782 sine
532 3727 667 3783 mercede.
682 3724 783 3781 Omnes
797 3740 868 3779 entm
880 3722 977 3778 tttedic'i
1029 3741 1165 3796 nunquam
1193 3725 1343 3796 aperiretur
1365 3726 1482 3794 coelum,
1507 3734 1537 3780 ut
1559 3736 1737 3795 congregaret
1763 3730 1818 3786 tale

183 3811 302 3867 corpora
316 3806 422 3863 curant,
437 3812 497 3868 quae
507 3797 671 3853 solvuntur:
687 3796 809 3851 Citristtts
823 3800 913 3850 autem
924 3794 980 3849 ani·
1030 3798 1175 3852 tbcatrunu
1190 3794 1308 3851 Pulsatit
1332 3792 1437 3851 ittftrttta
1462 3796 1624 3861 stationem,
1650 3793 1818 3855 bonttntcant

184 3875 414 3936 onsecrandum
428 3875 795 3937 ttpntpuatttcortutupuntttr.
812 3864 978 3934 flettitpueui·
1028 3882 1147 3933 cantent,
1171 3865 1333 3921 odoriferam
1348 3876 1470 3921 restettt:
1494 3868 1560 3922 exiit
1582 3867 1677 3932 uirtus,
1701 3875 1729 3923 et
1742 3870 1819 3926 stetit

188 3936 259 3992 dctis
281 3937 355 3992 illum
382 3937 506 4006 legende,
532 3937 580 3992 sed
603 3945 632 3992 et
652 3953 703 3992 nos
718 3935 822 3991 vidistis
840 3934 914 3990 illum
928 3951 977 3989 att·
1029 3937 1152 4009 protinus
1165 3938 1261 3992 fluxus.
1281 3934 1525 4005 diuturnitate,
1541 3938 1611 4008 fides
1626 3945 1706 3992 tuate
1719 3940 1819 3994 sotrum

184 4004 299 4072 diendo,
319 4006 381 4076 quia
394 4006 645 4064 utattifestatumest
658 4004 892 4077 tobiscredcndo.
908 4002 979 4061 Cen·
1029 4008 1091 4080 tecit
1112 4005 1186 4077 (Lac.
1203 4022 1265 4068 vna,
1287 4006 1344 4080 ld).
1365 4006 1414 4062 llic
1437 4009 1557 4079 aperitur
1576 4007 1681 4064 ntulieri
1703 4007 1820 4066 difficilis

184 4077 263 4131 turio
285 4076 403 4146 perdidit
424 4078 585 4132 morientem
609 4077 781 4143 ministrum,
809 4082 839 4131 et
860 4089 914 4129 nott
937 4082 980 4131 est
1029 4078 1083 4143 sio,
1098 4085 1210 4147 angusta
1228 4078 1340 4140 semita,
1356 4079 1463 4148 populis
1472 4078 1594 4143 obsessa,
1609 4078 1657 4135 sed
1668 4078 1705 4133 ab
1717 4081 1820 4149 angelis

189 4155 286 4217 eaptus
298 4147 396 4202 mouns
407 4145 501 4203 dolore
514 4164 521 4202 z
536 4146 585 4203 sed
599 4147 710 4218 inquirit
722 4162 793 4202 curae
810 4145 977 4212 magistrum
1030 4146 1174 4218 patefacta.
1196 4148 1321 4204 Procedit
1341 4146 1408 4204 fides
1421 4157 1449 4203 et
1461 4151 1572 4218 elamat,
1585 4148 1678 4204 Facite
1691 4152 1818 4222 spatium.

188 4214 315 4283 ficariae,
331 4217 428 4288 inquit,
439 4215 512 4284 lesu,
527 4232 596 4288 puer
607 4233 684 4273 nteus
699 4217 780 4272 ntodo
794 4215 917 4280 ntoritur,
932 4218 978 4271 sed
1031 4227 1151 4274 transeat
1164 4233 1284 4273 meatum
1299 4219 1407 4274 alumna
1423 4221 1562 4288 uirtutum,
1575 4228 1603 4275 et
1614 4220 1821 4291 pretiiooefestis

191 4286 215 4342 si
229 4286 357 4351 volucris,
374 4288 430 4342 cito
443 4288 509 4342 ntibi
523 4287 651 4344 reddetur
665 4286 773 4360 (ffottit.
789 4301 846 4350 utta,
861 4282 899 4357 6).
925 4286 993 4341 aa·
1031 4288 1110 4345 fidele
1129 4289 1293 4359 mancipium
1313 4290 1453 4359 pertentat
1466 4290 1501 4346 ad
1515 4290 1658 4346 Dominum
1672 4305 1760 4358 suurn,
1772 4293 1820 4362 tpti

189 4356 285 4412 dacter
297 4356 422 4439 petebat,
443 4359 506 4428 quia
518 4357 653 4416 Christum
670 4365 757 4413 totum
775 4370 856 4428 posse
867 4355 978 4412 sciebat.
1030 4360 1072 4415 stti
1085 4359 1222 4429 sanguinis
1241 4360 1329 4429 pretio
1343 4361 1416 4430 cupit
1430 4361 1558 4416 damnare
1570 4361 1739 4431 supplicium.
1762 4362 1821 4432 lpse

186 4425 247 4482 futu
261 4441 323 4496 quta
338 4442 391 4481 nott
406 4426 456 4483 fuit
470 4428 592 4494 audacia,
614 4428 662 4484 scd
676 4437 736 4484 erat
749 4426 856 4482 llducia.
871 4423 919 4481 Ctti
935 4424 981 4482 le·
1031 4431 1158 4493 curabat,
1180 4430 1255 4485 etde
1269 4438 1341 4484 tactu
1356 4431 1396 4484 sui
1411 4432 1534 4511 corporis
1555 4446 1609 4485 nott
1631 4431 1820 4498 erubescebat,

190 4511 238 4552 sus
261 4497 309 4559 ait,
334 4496 428 4552 Credis
470 4497 511 4553 uia
535 4499 635 4568 possim
658 4499 710 4553 boe
735 4495 844 4552 facere?
871 4494 906 4549 Et
924 4495 980 4565 ille,
1031 4500 1077 4570 qui
1092 4508 1119 4554 et
1132 4499 1240 4553 ltumuni
1253 4500 1482 4569 eorporisstatott
1495 4500 1663 4569 sangninem,
1679 4502 1820 4571 atttiquutn

187 4566 291 4633 Credo,
307 4564 445 4633 Domine(
477 4567 542 4622 otti.
560 4584 599 4630 tt,
613 4564 851 4632 itit'fuaciesus
868 4580 983 4635 sequen·
1032 4569 1214 4635 homicidam,
1239 4577 1409 4624 innocentem
1433 4568 1498 4626 fecit
1521 4570 1548 4625 in
1572 4586 1651 4627 nuce
1676 4571 1819 4628 iatronem.

191 4636 264 4693 tibus
286 4652 317 4692 se
339 4637 418 4706 dixit,
441 4636 540 4693 Eamus
562 4647 590 4693 et
610 4637 770 4694 suscitemus
783 4651 896 4706 puerum
909 4635 980 4704 ejus.
1031 4638 1102 4693 Eum
1120 4638 1260 4694 bfatticttaei
1274 4648 1301 4693 et
1315 4637 1470 4696 venustiani
1494 4642 1649 4712 praecedunt
1671 4648 1701 4696 et
1722 4643 1820 4699 crube-

189 4705 270 4763 ‘func
294 4707 417 4763 centurio
442 4709 528 4778 magis
551 4708 668 4765 clamosa
691 4722 759 4763 socc
785 4706 859 4762 otnni
881 4706 982 4777 populo
998 4695 1122 4765 Dseunt.
1139 4708 1238 4764 Vident
1259 4717 1287 4762 et
1300 4708 1392 4764 dictust
1404 4726 1459 4766 aon
1473 4726 1534 4768 esse
1548 4727 1647 4781 corpus
1661 4712 1819 4778 ltontattunt,

188 4792 285 4832 eoram
296 4792 377 4833 ansus
386 4785 428 4833 est
441 4778 542 4844 dicere,
559 4778 677 4844 donnae,
694 4794 746 4833 nott
760 4793 818 4832 rum
840 4777 934 4848 diguus
953 4786 988 4832 at.
1033 4796 1101 4849 opus
1113 4779 1243 4834 divinum.
1259 4777 1363 4843 Clamat
1375 4780 1433 4851 ipse
1446 4782 1492 4853 qui
1504 4791 1584 4838 ettrat
1597 4791 1626 4838 et
1636 4782 1710 4847 dicit,
1724 4780 1751 4837 Ν
1753 4800 1821 4839 orne

192 4846 241 4901 atti
258 4855 352 4902 tectum
365 4864 450 4903 meant
467 4850 594 4916 introeas,
613 4849 659 4904 sed
679 4848 719 4902 dir
740 4856 840 4901 tantum
854 4846 938 4913 cerlo,
957 4857 983 4902 et
1051 4849 1078 4904 ni
1093 4852 1154 4922 [ecit
1166 4849 1235 4922 qaod
1248 4850 1317 4904 intua
1330 4860 1379 4919 eat,
1403 4852 1458 4921 ipre
1472 4854 1534 4923 fecit
1553 4862 1579 4908 et
1598 4854 1666 4922 gttcd
1681 4853 1746 4924 toria
1759 4854 1821 4909 etti

189 4918 327 4972 aattoltitur
338 4935 404 4989 pater
416 4935 497 4974 mear.
514 4917 586 4973 Nom
598 4930 623 4973 et
636 4935 683 4990 epo
699 4918 773 4973 doato
783 4933 843 4973 atttn
854 4915 899 4971 aad
914 4926 983 4989 pote·
1033 4867 1057 4975 {l
1071 4920 1220 4977 verecunda
1234 4936 1328 4989 causa,
1349 4920 1399 4978 sed
1417 4921 1500 4977 libera
1518 4923 1670 4979 medicina!
1691 4922 1786 4980 Nottttc
1798 4925 1822 4981 sf

190 4997 260 5041 atate
272 4990 439 5055 coaretatur,
454 4988 550 5042 doleat
562 4989 609 5044 aab
622 5005 662 5043 nte
674 4989 768 5044 militer
776 5005 786 5053 ‚·
803 4998 827 5042 et
840 4986 899 5043 dico
913 4989 982 5056 ttoic,
1030 4991 1152 5047 alionum
1166 5000 1238 5048 esset
1253 4992 1347 5048 abillo
1362 5008 1430 5060 opus
1441 4993 1533 5049 earnis
1546 4994 1684 5059 bumanae,
1702 4994 1823 5064 nunguid

195 5055 282 5122 Vade,
296 5065 323 5111 et
332 5057 403 5111 rodit
428 5067 454 5111 et
467 5059 513 5113 otii
526 5057 633 5124 landet
643 5061 752 5125 territet
765 5075 837 5113 terto
847 5074 914 5122 utro,
927 5057 983 5113 Fac
1033 5070 1166 5120 statueret
1181 5062 1359 5132 sanguinem-i
1373 5060 1497 5133 Nunquid
1512 5064 1661 5133 publicaret
1669 5066 1704 5121 de
1715 5080 1745 5120 se
1756 5078 1822 5135 pro·

193 5127 250 5191 doc,
262 5132 288 5181 ct
309 5126 364 5181 σία
374 5096 480 5193 (flulti.
496 5144 551 5194 uu,
563 5128 590 5194 8,
601 5131 640 5199 it).
656 5127 794 5199 Tanquam
805 5128 904 5183 diserte
916 5129 982 5195 lieo,
1032 5133 1149 5189 cessisse
1162 5133 1297 5194 virtutem,
1314 5140 1342 5188 et
1355 5134 1522 5203 tyrannicam
1533 5135 1678 5205 repelleret
1687 5136 1823 5192 mortemf

189 5194 249 5265 Ego
270 5195 319 5264 jo¹
369 5198 518 5255 militibus:
543 5207 571 5252 tu
590 5200 694 5269 impera
720 5198 871 5254 virttttibus.
897 5197 984 5268 ifajor
1032 5202 1064 5258 fn
1085 5202 1174 5272 platea
1198 5201 1314 5267 curatio,
1335 5203 1363 5258 itt
1377 5203 1459 5260 dottm
1479 5206 1663 5262 resuscitatio.
1688 5205 1717 5260 ln
1732 5205 1823 5276 platea

191 5275 253 5323 erat
264 5267 360 5323 fidncia
375 5269 505 5335 mulieris,
521 5266 569 5324 scd
584 5268 693 5324 laudata
707 5277 749 5325 est
763 5267 830 5324 fldcs
846 5270 984 5325 centurio·
1036 5271 1209 5328 confunditur
1220 5271 1390 5336 ttttett'eetor,
1403 5276 1468 5343 auia
1481 5275 1556 5331 stetit
1565 5276 1684 5345 sanguis,
1699 5284 1727 5333 ct
1737 5275 1824 5345 iacuit

190 5336 605 5408 nts.t:tqotstttotntoodttitt
639 5340 789 5409 nipuerum
803 5338 982 5396 ettotdicrem
1035 5343 1173 5410 sanguinis
1196 5353 1347 5400 accusator.
1379 5343 1504 5414 Nonqttitl
1525 5360 1579 5401 non
1601 5345 1659 5417 ipsc
1683 5347 1824 5404 suscitarit

192 5408 308 5464 sanatit.
322 5405 355 5460 Et
368 5408 485 5477 qualiter
498 5424 560 5463 eum
574 5355 741 5479 laudaverit,
755 5408 918 5478 euangelista
933 5426 984 5466 no·
1036 5414 1152 5483 pttclluut
1161 5413 1234 5469 lecto
1246 5413 1404 5482 jacentem?
1420 5414 1572 5485 ingreditur
1584 5416 1705 5482 domum,
1727 5425 1758 5491 et
1776 5431 1823 5474 ca·

192 5477 236 5532 bis
250 5475 387 5539 indicarit,
404 5480 484 5532 dntett
499 5476 557 5532 dico
574 5478 655 5547 oolla,
676 5488 775 5534 tontum
789 5480 867 5550 fidant
881 5497 933 5535 non
947 5481 986 5535 itt·
1036 5483 1122 5554 ptittut
1146 5482 1290 5539 infernum.
1318 5484 1440 5541 licvocat
1462 5486 1578 5541 animant
1601 5487 1636 5541 de
1659 5494 1772 5556 tartaro,
1796 5493 1826 5544 et

196 5547 250 5603 teat
261 5548 288 5601 itt
303 5545 387 5601 faraei
401 5545 559 5617 titiano).
568 5547 647 5605 Fides
656 5549 772 5620 denique
782 5567 797 5603 a
809 5551 920 5606 muliere
931 5567 985 5606 non
1037 5568 1137 5624 corpus
1151 5555 1223 5608 leuat
1238 5570 1272 5610 es
1287 5556 1368 5611 lceto.
1383 5553 1452 5623 Quid
1472 5564 1514 5611 est
1527 5569 1592 5625 ergo
1606 5556 1678 5627 quod
1688 5557 1766 5627 jubet
1781 5572 1825 5614 re-

192 5616 379 5673 discesserat:
405 5618 590 5674 centurionem
614 5636 680 5675 uero
701 5622 736 5675 ad
753 5619 889 5678 Citristtttn
909 5619 987 5677 festi·
1040 5622 1082 5679 fici
1104 5624 1281 5691 suscitatam,
1312 5626 1363 5683 nisi
1381 5627 1445 5697 qnia
1466 5626 1551 5699 ipsius
1571 5635 1650 5682 erant
1671 5642 1705 5683 co
1738 5629 1824 5684 oralia

194 5696 467 5757 dattspt'aecesserut:
483 5688 843 5756 sicutvrnitccnturio,et
858 5691 986 5760 iotoapel-
1039 5693 1175 5759 tttetttbta,
1197 5695 1295 5761 ouibus
1317 5710 1379 5752 csoa
1405 5695 1493 5752 fuerat
1517 5698 1693 5753 neccssaria?
1744 5700 1858 5769 audet,

197 5759 259 5812 avit
273 5757 357 5812 etiant
372 5773 421 5827 pro
460 5774 546 5823 uero;
569 5759 635 5815 tides
655 5760 801 5831 postularit
825 5762 982 5831 itttpettune
1037 5777 1103 5832 ergo
1116 5765 1150 5819 de
1164 5764 1268 5822 artifice
1289 5766 1398 5821 ltutrtuui
1421 5768 1542 5837 corporis
1555 5777 1583 5824 et
1600 5766 1665 5825 tides
1686 5770 1827 5842 principis.

194 5824 313 5882 l’roinde
327 5826 426 5882 iterum
441 5774 507 5884 fides
521 5831 706 5887 eettttriottem
729 5832 865 5903 precessit
883 5832 917 5885 ud
934 5831 985 5887 do-
1037 5842 1066 5890 ct
1089 5835 1217 5905 pudicitia
1233 5837 1362 5901 tttulieris,
1383 5846 1411 5892 et
1433 5838 1521 5908 puella
1538 5837 1654 5908 refecta,
1678 5848 1706 5897 et
1728 5840 1827 5898 fetttinat

193 5910 269 5952 num.
291 5895 352 5953 Non
367 5897 437 6022 dquia
462 5899 630 5969 deseruerat,
653 5902 700 5958 sed
713 5912 743 5957 ut
761 5901 852 5958 multis
864 5899 982 5959 ditinum
1037 5903 1201 5969 collaudata,
1227 5917 1257 5961 nt
1280 5906 1314 5963 de
1328 5908 1432 5980 pusillis
1446 5918 1474 5966 et
1487 5910 1591 5981 utugttis
1609 5911 1707 5968 cmlttnt
1721 5912 1826 5969 tutetur

195 5965 354 6024 ostenderet
385 5983 478 6024 onum.
502 5969 600 6040 Tetigit
614 5972 782 6043 peditatus,
799 5984 946 6042 suggerens
958 5974 983 6030 ei
1038 5984 1066 6031 et
1083 5985 1166 6031 terra.

354 6062 491 6125 l'sraoe.
515 6063 612 6128 txt'.
1594 6042 1664 6140 ω’
