4056 6356
107 390 155 449 ,p
738 378 782 436 oe
800 374 878 437 moe
896 374 997 434 noun
1016 373 1114 435 onus.
1308 321 1318 341 ’
1691 363 1744 442 oi

107 508 295 577 titerqueenrn
309 514 343 558 eo
354 499 626 571 sempitemuoatqne
638 496 796 561 immensus,
812 510 899 565 aequa·
914 492 1176 561 Alisiie031nista
1196 490 1362 563 plenitudino
1381 506 1485 559 servos,
1509 493 1537 551 in
1551 493 1637 552 sonna
1655 498 1742 568 semi,

107 599 170 656 liter
180 591 341 651 immortalis
355 597 383 647 et
396 587 632 654 incommutabilis,
644 586 785 657 aequaliter
806 586 900 641 inuisi·
953 583 1056 653 quinio
1078 582 1278 640 similitudinem
1303 582 1441 638 hominum
1464 581 1570 651 laetus,
1594 586 1686 641 habitu
1701 598 1744 643 est

107 688 169 745 bilis
191 693 220 742 et
233 681 434 747 inenarrabilis,
460 679 601 751 aqualiter
625 679 712 735 donus
739 684 767 734 et
791 676 900 747 justus,
953 675 1076 731 inventus
1088 682 1117 730 ιιι
1131 673 1223 729 homo.
1239 671 1404 728 Exirrauiens
1417 687 1484 742 ergo
1498 675 1672 746 semetipsum
1689 674 1744 732 ior-

108 771 248 851 mquatiter
261 773 404 829 miserator
413 779 441 829 ιι
453 752 738 841 misericors,patlens
749 776 777 825 et
787 769 901 825 multum
952 782 1025 822 nram
1039 766 1110 822 servi
1137 766 1243 835 aceepit
1263 775 1292 819 ιιι
1306 762 1382 820 lieret
1395 779 1507 833 servus3
1521 765 1568 821 sed
1589 765 1680 822 lormae
1695 765 1744 824 liei

106 854 265 925 misericors
274 873 302 920 et
310 877 404 931 verax,
418 858 558 932 aequnllter
572 860 649 917 sortis
659 868 687 917 et
700 859 799 925 suavis,
814 873 902 928 aequa·
953 854 1147 929 plenitudinem
1162 870 1215 910 rron
1230 854 1339 918 amisit,
1366 855 1393 910 in
1408 868 1461 924 quia
1476 869 1584 933 semper
1606 863 1648 912 est
1665 865 1745 913 reter-

108 958 172 1016 liter
185 956 293 1029 sapiens
307 961 389 1023 atque
401 951 583 1022 omnipotens.
956 963 1005 1027 uus
1026 955 1106 1017 atque
1129 944 1353 1002 incommutabilis
1372 945 1524 1002 Dominus:
1541 946 1627 1002 laetus
1644 962 1744 1003 seeun-

144 1051 228 1124 509
240 1048 285 1105 ud.
302 1044 417 1102 Proinde
430 1044 489 1100 hee
503 1042 593 1099 omnia
606 1056 666 1113 quae
678 1041 794 1098 diximus
808 1040 842 1096 de
855 1039 901 1095 Fi·
953 1037 1017 1092 dum
1032 1037 1144 1093 iormam
1158 1033 1230 1092 serui
1244 1036 1327 1092 homo
1341 1050 1430 1103 verus,
1446 1035 1567 1107 ejusdem
1581 1045 1685 1094 nature
1699 1054 1747 1095 eu·

107 1147 146 1203 lio
160 1145 221 1213 uei,
234 1140 386 1198 ilrmissima
400 1137 452 1194 lide
463 1136 559 1203 retine,
572 1135 634 1208 quia
647 1135 695 1208 (ol.
710 1133 767 1205 qni)
781 1133 839 1189 hee
851 1133 903 1187 nti·
952 1128 996 1197 ins
1010 1137 1052 1186 est
1070 1127 1168 1185 aneilla
1182 1136 1285 1195 maten
1302 1136 1330 1183 et
1343 1142 1456 1184 manens
1468 1128 1496 1197 in
1510 1128 1598 1186 iorma
1611 1129 1659 1185 liei
1674 1130 1746 1186 Dens

108 1255 162 1313 que
174 1235 265 1295 omnia
280 1232 421 1291 inanitate
436 1238 539 1287 nature
549 1229 652 1311 halteus
664 1243 726 1283 eum
739 1225 829 1293 Patre,
844 1225 904 1282 sino
955 1238 1046 1290 verus,
1062 1222 1182 1292 ejusdem
1196 1230 1299 1278 tratura
1313 1223 1389 1292 euius
1400 1231 1442 1280 est
1457 1225 1540 1280 etiam
1552 1225 1682 1299 {lominus
1695 1225 1747 1284 Pa-

108 1329 193 1386 dubio
205 1325 317 1397 :equalis
330 1333 373 1379 eat
394 1321 478 1377 Patri.
494 1319 609 1391 Propter
622 1317 695 1389 quod
707 1325 736 1374 et
758 1317 904 1388 Apostolus
956 1323 1006 1370 ter.
1025 1315 1053 1370 ln
1074 1315 1158 1372 iorma
1174 1316 1222 1372 Dei
1236 1331 1297 1371 enm
1311 1308 1392 1389 510
1403 1315 1483 1373 Patre
1494 1326 1523 1374 et
1538 1317 1641 1390 Spiritu
1652 1329 1746 1377 saneto

108 1416 240 1478 continuo
261 1415 419 1487 adjungens,
435 1413 490 1469 ait:
507 1410 569 1467 Non
582 1413 702 1481 rupinum
713 1411 852 1465 arbitratos
866 1419 904 1467 ert
957 1412 1026 1460 uirus
1046 1414 1088 1461 est
1107 1405 1181 1461 solus
1204 1404 1335 1462 formator
1348 1406 1469 1462 omnium
1481 1407 1571 1476 Deus;
1598 1411 1747 1467 seeundum

108 1531 164 1571 esse
177 1529 207 1569 re
220 1510 345 1585 aponum
359 1508 415 1563 Deo
430 1505 540 1578 (Philip.
551 1522 580 1573 ιι,
595 1504 633 1580 6).
649 1504 707 1562 Non
720 1504 792 1575 enim
804 1503 904 1574 rapinae
956 1494 1070 1557 soronam
1089 1495 1160 1571 semi
1181 1495 1256 1552 aolus
1273 1496 1331 1567 ipse
1353 1511 1402 1552 sua
1416 1506 1443 1553 et
1467 1496 1554 1555 Patris
1579 1507 1607 1555 et
1630 1501 1748 1571 Spiritus

108 1606 157 1681 (ol.
167 1601 274 1677 rapina)
288 1601 339 1657 luit
348 1600 392 1655 illa
401 1597 460 1653 Filii
475 1613 536 1653 enm
547 1595 625 1659 Patre
635 1595 783 1653 divinitatis
795 1595 906 1666 aequali-
956 1588 1043 1643 ⁸³¹¹ssst
1056 1587 1215 1658 ⁰l³0i²¹50¹¹0
1227 1586 1358 1647 s⁰fm³¹i1⁵
1375 1607 1381 1643 ²
1398 1589 1470 1662 quod
1484 1599 1592 1649 creditu
1606 1601 1658 1663 est,
1672 1610 1747 1651 com-

108 1687 916 1767 tassednaturulul.natural.Etiamillaquaeoonsequem
956 1680 1387 1740 munelrabensnaturalitoreum
1398 1679 1747 1757 PatreetSpiritusaneto,

108 1799 152 1848 ter
164 1787 304 1858 subjungit
316 1783 462 1856 Apostolus
473 1781 576 1850 dicens,
591 1781 653 1850 quia
667 1783 830 1851 semetipsum
845 1781 915 1855 eei-y
958 1772 1030 1844 quod
1051 1781 1140 1830 autern
1160 1784 1269 1832 creatus
1291 1785 1353 1844 est,
1377 1777 1492 1836 sormam
1515 1781 1588 1838 servi
1600 1782 1748 1841 seeundum

3 1948 4 1953 η
107 1881 210 1937 uouimt
218 1875 404 1952 formomrerui
414 1873 553 1945 occipiens,
561 1871 763 1935 insimilitudine
772 1872 905 1927 lominum
920 1880 1037 1944 Bonam
1061 1873 1168 1924 oreatus
1191 1876 1233 1924 est
1248 1878 1280 1935 ⁰,
1305 1869 1379 1926 solus
1401 1871 1505 1929 habena
1526 1876 1705 1946 personaliter
1721 1875 1748 1934 in

108 1973 211 2043 suctos,
231 1977 257 2022 et
269 1965 358 2021 nolito
368 1965 486 2019 inmotae
499 1971 527 2016 ιιι
542 1961 636 2029 domm·
650 1968 678 2017 et
687 1961 750 2031 quia
761 1962 905 2017 dornilion't
958 1958 1058 2029 seipso.
1073 1958 1156 2029 Cujus
1169 1966 1197 2014 et
1210 1960 1378 2017 nativitatem
1389 1962 1507 2019 suturam
1527 1966 1675 2021 seeundum
1690 1981 1748 2027 rar.

108 2058 289 2131 metipsum,
303 2058 388 2129 foetur
400 2054 521 2109 obediens
537 2062 548 2090 ¹
561 2053 688 2122 usquead
701 2060 820 2121 mortem,
833 2070 916 2125 ntor-1
957 2063 1030 2118 nem,
1044 2058 1072 2105 et
1090 2058 1217 2117 mortem,
1230 2058 1259 2105 ιι
1277 2054 1513 2121 resurrectionem,
1529 2063 1610 2126 atque
1624 2057 1651 2112 iu
1665 2058 1751 2114 emloa

108 2160 159 2205 tem
179 2158 267 2203 eutem
286 2148 386 2211 eructu
403 2145 492 2199 omnia
507 2143 565 2200 lateo
578 2144 613 2199 de
626 2144 673 2201 illo
694 2144 834 2213 unigenito
848 2145 905 2201 Deo
919 2155 923 2161 ’
958 2141 1146 2199 assensionem
1159 2142 1203 2198 lex
1217 2152 1245 2198 et
1259 2144 1397 2215 prophete
1417 2146 1600 2215 praenuntiare
1613 2163 1750 2218 nunquam

107 2240 156 2297 liei
179 2238 266 2303 Filio,
288 2236 322 2293 de
336 2236 383 2292 illo
396 2234 488 2290 Verbo
509 2234 565 2289 lieo
586 2233 620 2289 de
634 2249 689 2303 quo
703 2234 768 2290 dicit
787 2233 906 2305 evange·
957 2229 1127 2298 destiterunt,
1145 2240 1227 2304 prout
1247 2231 1305 2304 ipse
1319 2234 1502 2306 praecipiebat,
1523 2236 1681 2296 obedientes
1696 2237 1706 2278 ι
1722 2248 1752 2296 01

107 2331 170 2386 lista
188 2346 195 2381 ε
212 2327 247 2383 ln
257 2327 385 2398 principio
400 2333 457 2380 erni
470 2323 592 2391 Verbum,
603 2332 628 2380 ιι
645 2323 756 2379 Verium
769 2333 825 2380 erut
835 2326 907 2395 opud
957 2324 1049 2380 uerbis
1060 2333 1088 2380 et
1100 2323 1187 2381 lautis.

22 2444 27 2449 ·
108 2420 205 2487 Dum,
221 2430 248 2476 et
262 2418 331 2473 Beue
345 2427 402 2473 erut
416 2416 527 2472 Verium
542 2416 632 2488 (loon.
652 2434 671 2482 r,
689 2416 783 2488 l);de
797 2417 843 2473 illa
858 2416 907 2475 liei
973 2413 1038 2483 Ἠ.
1058 2414 1125 2470 Nam
1147 2423 1175 2470 et
1196 2415 1223 2471 in
1242 2417 1380 2473 saerilieiis
1400 2418 1750 2491 earnalinmvietimarum,

108 2508 515 2580 virtuteDeiqnesapientia,de
528 2506 907 2576 qoaueouieitur:0mntatn
958 2519 1018 2575 quae
1032 2505 1090 2574 ‘psa
1112 2505 1165 2561 sibi
1178 2514 1273 2562 saneta
1294 2505 1425 2572 Trinitas,
1446 2524 1506 2581 quum
1529 2525 1597 2580 unus
1617 2520 1659 2568 est
1680 2513 1751 2571 ileos

108 2604 242 2675 rapientia
257 2601 340 2672 seeirti
354 2598 439 2672 (Psoi.
452 2614 508 2667 em,
522 2596 585 2668 Tl);
596 2598 631 2652 de
642 2597 687 2653 illo
698 2597 831 2668 principio
844 2614 907 2655 uum
958 2593 1027 2650 Noti
1036 2603 1065 2650 el
1076 2596 1180 2653 Veteris
1189 2595 1393 2663 resumemus
1410 2600 1532 2671 patribus
1542 2604 1644 2659 nostris
1654 2607 1750 2676 puteol-

108 2710 165 2768 quo
180 2707 266 2750 unum
280 2699 321 2746 ost
335 2689 415 2745 Pater
428 2689 486 2760 ipse
510 2688 681 2759 principium,
701 2695 729 2743 et
747 2688 775 2743 in
788 2702 842 2757 quo
854 2688 907 2743 sihi
958 2688 1051 2758 plebat
1064 2687 1167 2755 diferri,
1182 2689 1253 2746 illius
1270 2691 1396 2748 saerideii
1415 2683 1618 2762 significabatur
1630 2698 1749 2768 gratissi·

108 2793 250 2843 coaeterno
263 2781 325 2839 ieeit
339 2781 438 2838 eoelum
448 2787 475 2836 et
488 2787 599 2847 terram,
614 2778 693 2835 idest
707 2793 815 2835 omnem
828 2779 908 2851 spiri·
959 2793 1033 2834 ιιιιιιιι
1048 2794 1154 2847 munus,
1169 2779 1225 2851 ⁸qrro
1245 2796 1296 2852 pro
1309 2782 1388 2839 nolrls
1401 2783 1519 2856 seipsum
1531 2786 1607 2843 solus
1621 2787 1694 2855 ileos
1705 2788 1750 2846 Fi·

108 2875 195 2932 talem
218 2872 442 2945 corporalemque
457 2879 597 2933 naturam
616 2869 654 2926 de
667 2870 724 2926 Deo
745 2868 906 2939 Unigenito,
960 2869 1012 2928 lius
1022 2872 1169 2952 seeundum
1179 2888 1290 2931 earnem
1300 2883 1373 2933 esset
1383 2876 1592 2936 nriserieorditer
1601 2880 1751 2941 oblaturus.

107 2967 158 3039 qui
171 2966 259 3022 estin
273 2962 444 3030 sinul’atris,
460 2972 489 3018 ut
503 2963 569 3029 diri,
585 2962 676 3019 omnia
691 2963 750 3019 liaeo
763 2964 908 3035 personali·
926 2968 932 2978 ‘
960 2961 1020 3032 lpse
1034 2962 1123 3030 eninr,
1144 2964 1291 3020 seeundum
1306 2966 1484 3037 apostolieum
1498 2968 1662 3039 doetrimm,
1678 2973 1752 3029 odtrt-

107 3068 153 3115 ter
167 3056 265 3126 aoeipe
280 3073 287 3108 ε
307 3054 380 3111 salva
399 3061 489 3109 tamen
509 3053 681 3119 aeternitate,
706 3052 907 3122 immensitate,
959 3052 990 3107 lit
1004 3054 1168 3122 semetipsum
1177 3072 1225 3126 pro
1235 3056 1309 3112 troiia
1319 3057 1475 3114 odlntionenr
1489 3070 1515 3117 et
1529 3060 1641 3118 tortium
1654 3063 1710 3122 lieo
1724 3068 1754 3123 in

107 3146 328 3213 inmortalitate,
345 3143 624 3213 incommutabilitate,
640 3142 824 3199 invisibilitate
837 3143 908 3199 divi-
961 3143 1067 3203 odorem
1082 3133 1222 3202 'taumatia'
1239 3145 1348 3219 (Epiro.
1368 3165 1395 3214 v,
1412 3147 1449 3221 5).
1470 3150 1530 3222 lpse
1547 3167 1628 3210 verus
1642 3155 1713 3213 Dens
1724 3165 1755 3214 οι

106 3239 206 3297 rritatis
219 3238 288 3307 ejus.
300 3236 364 3305 Qum
375 3236 411 3291 ita
425 3219 585 3299 naturaliter
597 3242 626 3291 et
635 3234 775 3305 aequaliter
786 3251 909 3292 eommu-
922 3254 946 3319 c
960 3249 1042 3291 uerus
1054 3235 1195 3306 pontifex,
1216 3238 1263 3309 qui
1278 3254 1327 3310 pro
1342 3239 1421 3296 nobis
1435 3257 1489 3298 non
1510 3243 1537 3298 in
1550 3246 1682 3316 sanguine
1694 3255 1754 3307 tau·
1796 3224 1800 3237 ⁵

105 3335 157 3390 nia
170 3347 235 3389 eum
248 3331 304 3387 Deo
317 3329 396 3387 Patre
409 3329 491 3386 liubet
505 3328 553 3385 Dei
568 3328 662 3398 uilius,
677 3338 706 3385 ut
717 3329 780 3387 lieet
792 3345 842 3403 pro
857 3346 907 3386 no·
961 3342 1053 3383 rarum
1069 3334 1098 3383 et
1114 3326 1262 3397 hircorum,
1282 3328 1330 3385 sed
1350 3331 1376 3385 in
1392 3333 1523 3401 sangnine
1537 3349 1587 3390 suo
1611 3339 1697 3393 semel
1710 3338 1754 3394 in·

104 3426 153 3481 liis
167 3423 251 3479 luerit
270 3423 352 3479 homo
366 3422 499 3477 veraciter
513 3420 609 3489 iaetus,
627 3421 808 3493 permanserit
819 3429 908 3479 ιιιιιιιι
961 3416 1053 3473 troivit
1073 3416 1100 3470 in
1113 3424 1207 3472 saneta
1225 3416 1321 3488 (Heir-
1337 3434 1374 3485 ιι,
1392 3420 1449 3492 fil·
1466 3422 1544 3488 Quod
1556 3432 1620 3481 tune
1634 3427 1754 3496 pontifex

82 3513 224 3586 ,aequalis
237 3529 302 3569 vero
315 3512 371 3568 lieo
386 3511 398 3550 i
415 3510 499 3580 Patri,
515 3512 549 3567 de
565 3526 620 3581 quo
639 3520 719 3569 natus
732 3521 775 3568 est
788 3528 867 3570 verus
881 3523 911 3570 ιι
960 3508 1006 3564 ille
1018 3506 1195 3576 significabat,
1210 3508 1256 3579 qui
1268 3524 1331 3565 eum
1345 3511 1518 3579 sanguinein
1533 3522 1625 3569 saneta
1642 3526 1754 3573 sortcto·

105 3605 221 3663 Veritas
235 3602 315 3660 uerus.
329 3602 508 3674 semetipsum
522 3602 603 3671 igitur
613 3602 764 3680 exinanivit
779 3616 800 3667 t,
816 3604 909 3662 sedda
959 3617 1020 3658 rum
1041 3617 1089 3672 per
1100 3616 1186 3657 annos
1201 3601 1322 3671 singulus
1335 3602 1472 3659 introibat.
1490 3604 1544 3663 lste
1557 3607 1638 3678 igitur
1651 3618 1693 3665 est
1706 3612 1755 3682 qui

104 3695 283 3768 plenitudine
293 3694 352 3764 eius
364 3708 414 3749 nos
427 3707 522 3748 onrnes
536 3692 691 3762 accepimus
702 3690 792 3763 (ioan.
805 3707 824 3755 r,
840 3692 885 3764 ld)
899 3710 907 3748 ε
959 3693 987 3748 in
1002 3708 1033 3749 se
1044 3708 1098 3748 ιιιιο
1113 3700 1199 3748 totum
1218 3692 1341 3748 exlrilrnit
1353 3687 1427 3763 quod
1441 3710 1502 3751 esse
1522 3701 1704 3755 necessarium
1718 3700 1754 3757 ad

102 3800 194 3856 qnam
207 3782 403 3853 plenitudinem
424 3781 446 3837 si
460 3781 614 3837 exinanitus
630 3781 776 3855 amitteret,
788 3781 861 3852 quod
874 3781 909 3838 do
960 3785 1155 3856 redemptionis
1169 3793 1271 3841 nostrae
1289 3785 1393 3842 solebat
1404 3785 1546 3855 effoetum,
1564 3788 1635 3846 idern
1649 3792 1755 3849 scilieet

92 3890 140 3949 ‚ea
162 3874 246 3930 nobis
268 3872 346 3929 daret
368 3872 461 3942 otique
481 3870 678 3945 nonxlralieret.
701 3868 803 3926 Eodem
817 3878 908 3927 autem
960 3874 1089 3932 sacerdos
1107 3882 1136 3930 ιι
1145 3872 1317 3945 saeriuuinm,
1330 3874 1401 3933 idem
1414 3876 1486 3934 Deos
1500 3886 1529 3934 et
1542 3880 1671 3952 templum
1687 3900 1695 3936 :
1710 3897 1754 3939 sa·
1826 3952 1829 3955 ,

101 3983 165 4024 non
178 3966 309 4029 habente,
321 3981 372 4021 nos
385 3964 480 4046 proenl
490 3963 572 4020 dnbio
587 3963 635 4037 (at.
648 3963 752 4034 utique)
766 3964 831 4019 nihil
843 3980 908 4036 pos·
960 3962 1064 4028 cordos,
1085 3977 1135 4033 per
1156 3977 1237 4033 quem
1259 3978 1354 4021 somus
1374 3966 1555 4036 reconciliati;
1578 3968 1753 4043 sacrificium,

101 4072 205 4113 semus
218 4055 353 4126 aodprere.
368 4053 408 4110 lie
423 4053 591 4125 plenitudine
605 4061 695 4109 autern
709 4053 767 4123 eius
781 4070 831 4111 nos
848 4071 908 4111 orn·
960 4070 1014 4125 quo
1026 4054 1208 4120 reconciliati3
1225 4055 1364 4126 templum,
1377 4056 1404 4112 in
1413 4060 1657 4129 quoreoonoiliati;
1669 4061 1754 4130 Dens,
1824 4066 1841 4079 '

100 4146 341 4217 nes‘aeeepimus.
366 4143 405 4200 Eu
420 4160 454 4200 eo
467 4144 548 4214 igitur
569 4143 641 4215 quod
656 4144 734 4201 nobis
748 4145 782 4201 de
793 4145 910 4217 plenitn-
960 4144 1004 4199 eui
1026 4144 1202 4200 reconciliati.
1219 4143 1300 4202 Solus
1315 4153 1405 4203 tamen
1430 4150 1568 4216 sacerdos,
1592 4154 1754 4213 saerilleium

100 4238 176 4295 dine
201 4252 252 4294 sua
273 4235 368 4303 dedit,
393 4234 513 4293 ostendit
536 4236 619 4293 etiam
635 4253 697 4293 eum
712 4252 741 4293 se
761 4238 911 4294 exinanivit
960 4241 988 4288 et
1006 4233 1146 4304 templum,
1161 4236 1225 4306 quia
1240 4236 1298 4292 hmo
1320 4238 1437 4293 omuiat
1453 4240 1524 4297 lleus
1536 4244 1683 4300 seeundum
1696 4245 1755 4303 ior·

99 4329 311 4403 plenitudinem
323 4344 378 4386 non
390 4329 513 4386 amisisse
523 4343 604 4399 quam
616 4329 807 4401 halrnitzquia¹
813 4330 837 4386 si
850 4330 911 4402 ple·
948 4339 1031 4385 ,mutu
1052 4326 1141 4391 servm
1166 4342 1221 4384 nun
1248 4335 1339 4384 autem
1361 4330 1435 4386 solos
1454 4330 1538 4401 Deus,
1561 4334 1625 4404 quia
1646 4336 1756 4395 noceat

99 4420 266 4477 nitudinem
280 4433 357 4474 suam
379 4419 516 4474 arnitteret
530 4461 538 4486 ,
561 4416 627 4474 dare
645 4417 681 4474 de
697 4418 742 4473 illn
758 4418 910 4476 nullatenus
960 4428 1022 4470 eum
1036 4413 1118 4472 Patre
1132 4425 1161 4473 et
1179 4418 1282 4489 Spiritu
1294 4429 1389 4478 saneto
1403 4424 1551 4480 seeundum
1563 4424 1679 4484 lormam
1692 4428 1753 4486 liei.

97 4506 353 4587 possetl'ormam
364 4509 507 4581 ergoserri
518 4510 624 4582 aceepit
635 4528 642 4565 :
655 4525 744 4581 neque
754 4512 826 4566 enim
836 4511 909 4569 alind
995 4506 1040 4561 23.
1055 4507 1231 4565 Reconciliati
1245 4511 1326 4581 igitur
1337 4527 1431 4570 snmus
1443 4530 1493 4586 per
1505 4515 1593 4573 solnm
1608 4518 1705 4576 Filium
1714 4536 1755 4579 se·

98 4603 160 4660 luit
176 4602 225 4658 illa
235 4602 334 4658 summi
348 4600 399 4657 liei
408 4600 565 4663 exinanitio,
582 4601 633 4657 nisi
648 4600 740 4657 lormae
753 4602 867 4668 servilis,
883 4602 910 4659 id
922 4628 947 4689 D
961 4599 1076 4654 eundum
1090 4614 1216 4667 earnem,
1238 4601 1285 4657 sed
1300 4618 1355 4659 non
1369 4605 1420 4661 soli
1440 4605 1509 4661 Filio
1522 4608 1670 4665 seeundum
1685 4610 1756 4669 dirl-

94 4703 148 4753 ιιι
159 4694 293 4750 humanm
302 4701 406 4748 naturae
418 4693 550 4764 acceptio.
962 4693 1083 4749 nitatem.
1097 4693 1214 4751 Trinitas
1235 4695 1305 4751 enim
1320 4712 1370 4752 nos
1382 4697 1433 4754 silai
1444 4701 1629 4757 reconciliavit
1639 4719 1688 4775 per
1701 4704 1755 4763 hoo

136 4783 193 4841 2¹.
209 4783 332 4855 Utraque
343 4783 477 4853 estigitnr
491 4784 517 4840 in
531 4782 639 4840 Christo
650 4781 748 4852 forma,
762 4783 825 4854 quia
840 4791 911 4840 utra·
961 4782 1032 4855 quod
1047 4783 1134 4839 solum
1156 4783 1272 4839 Verbum
1287 4800 1397 4841 earnem
1419 4788 1477 4858 ipsa
1492 4787 1608 4847 Trinitas
1629 4791 1703 4847 iecit.
1724 4793 1756 4850 ln

54 4854 163 4949 'que
178 4882 291 4931 etvera
304 4880 333 4929 et
347 4873 429 4945 plena
449 4882 490 4929 est
502 4874 528 4928 in
548 4872 657 4928 Christo
671 4873 830 4928 substantia.
847 4871 910 4930 ldeo
961 4874 1069 4944 quosie
1088 4874 1428 4934 veritasineommntabilis
1443 4877 1458 4915 ¹²
1474 4881 1756 4942 manethumanoe'di·
1840 4887 1844 4893 ’

93 4972 228 5024 sanctus
253 4961 423 5033 Evangelista
450 4962 560 5034 plenum
583 4977 645 5018 enm
677 4962 769 5032 gratiae
789 4971 817 5018 et
844 4964 913 5018 veri·
963 4966 1086 5036 ulnaeque
1099 4976 1211 5033 naturae,
1234 4975 1265 5024 nt
1277 4969 1347 5025 sieut
1361 4986 1425 5027 vera
1444 4986 1552 5044 semper
1561 4982 1603 5031 est
1613 4974 1673 5045 ejus
1691 4976 1757 5034 diri·

94 5056 178 5113 uatis
194 5054 327 5125 praedicat
341 5053 435 5127 (litu,
448 5052 505 5125 ll),
519 5054 583 5125 qula
604 5062 633 5110 et
646 5056 673 5109 iu
693 5054 783 5110 diuina
803 5064 908 5123 rratnra,
964 5057 1051 5123 nitas,
1075 5071 1155 5126 quam
1176 5058 1211 5116 de
1233 5056 1314 5116 Patre
1327 5061 1574 5120 incommutabilem
1597 5065 1694 5132 halet,
1718 5068 1755 5125 ita

91 5150 125 5205 iar
151 5161 219 5217 qua
233 5144 306 5202 Dens
321 5145 429 5201 Veritas
446 5153 497 5211 eet,
513 5147 608 5217 plenos
622 5153 682 5213 est;
704 5153 732 5202 et
753 5147 909 5204 inhumana
964 5164 1029 5205 rera
1047 5164 1155 5222 semper
1169 5162 1251 5221 atque
1274 5153 1500 5212 incommutabilis
1523 5153 1582 5226 ejus
1603 5158 1757 5218 humanitas

90 5246 226 5304 mtura,
242 5237 271 5293 in
292 5252 345 5307 qua
360 5237 442 5294 homo
454 5252 536 5292 verus
550 5236 636 5308 gratia
649 5234 735 5292 iactus
749 5245 802 5303 est,
816 5237 912 5309 plenus
963 5242 1008 5307 sit,
1023 5258 1105 5312 qnam
1117 5243 1167 5300 silai
1183 5245 1284 5301 unium
1297 5251 1401 5301 somma
1413 5245 1540 5306 divinitas
1553 5250 1631 5318 gerit.

90 5340 160 5388 est.
178 5325 912 5400 1ηἱΙιιρΙιιιιιιιιιὶιιιῦιιειιιᾶ,ἰιιιοιιιιιθιὶιιιιιιιι-
997 5332 1043 5389 Sl.
1063 5333 1127 5392 lime
1140 5350 1224 5407 pauca
1238 5335 1272 5392 de
1285 5336 1338 5393 lide
1350 5346 1452 5396 ειιιιιιι
1466 5338 1615 5409 Trinitatis,
1638 5356 1698 5411 qum
1711 5358 1757 5399 so-
1773 5354 1776 5360 ·

108 5454 113 5465 ’
139 5477 157 5505 ·
178 5464 266 5533 Editi,
291 5462 636 5546 odedienr‘Potri.Toeem
659 5463 735 5517 Patri
758 5464 914 5521 nonhabet
966 5466 1227 5552 liturnplenitudiue
1248 5470 1340 5553 plenus
1354 5480 1409 5552 ιιις
1426 5473 1455 5528 in
1478 5475 1564 5546 formo
1581 5472 1632 5530 oet
1648 5477 1756 5551 equalis

86 5556 156 5598 ms.
178 5536 269 5593 Corb.
279 5550 332 5592 nee
343 5542 434 5590 textus
448 5533 580 5606 Apostoli.
987 5553 1034 5613 eo,
1049 5555 1077 5593 m
1090 5542 1176 5612 [ormo
1190 5556 1256 5596 reret
1271 5541 1379 5613 equalis
1393 5560 1475 5600 terro
1489 5542 1666 5615 Exinonienn
1682 5555 1736 5603 ιιι.

133 5609 154 5650 b
173 5605 246 5663 liss.
268 5605 321 5662 duo
342 5605 468 5662 omittunt
479 5621 537 5659 uero
560 5603 625 5661 Deo.
649 5602 697 5661 lis.
723 5604 793 5661 alter
810 5605 910 5661 omittit
998 5607 1130 5665 enisum
1143 5611 1211 5675 hreo,
1227 5612 1341 5683 formum
1353 5615 1420 5668 terri
1434 5614 1575 5670 seeundum
1588 5632 1666 5699 mum
1679 5633 1755 5673 ereo·

86 5689 225 5740 unium
240 5676 306 5731 [teo.
892 5692 895 5699 ’
962 5688 1001 5734 tus
1016 5688 1063 5743 esi,
1080 5694 1095 5734 n
1110 5696 1174 5738 mss.
1189 5681 1325 5737 omnibns.
1349 5680 1383 5736 Et
1395 5682 1504 5752 nunidem
1526 5700 1581 5742 non
1595 5701 1752 5757 incongrue.

135 5762 153 5790 ο
176 5746 383 5803 inludendo
397 5745 514 5814 additur,
527 5748 637 5817 somnum
650 5748 715 5802 serui
728 5748 871 5817 accipitrum
883 5748 908 5805 in
1000 5747 1009 5786 ¹
1024 5749 1103 5805 Deest
1117 5751 1143 5806 in
1160 5750 1220 5807 edd.
1238 5750 1401 5818 obedientem
1413 5754 1528 5810 habetur
1542 5755 1570 5812 in
1582 5771 1647 5814 mss.

84 5823 153 5886 reli
186 5817 233 5873 uris
246 5815 426 5880 nonadditnr.
998 5818 1085 5875 suss.
1103 5830 1167 5888 tres,
1182 5822 1242 5894 quio
1252 5821 1306 5878 ltoec
1320 5825 1417 5879 omnio.
1434 5822 1513 5890 udo..
1528 5835 1553 5881 ιι
1567 5826 1630 5884 lroec
1642 5830 1741 5897 omitia,

132 5890 151 5931 d
213 5904 236 5942 s.
251 5887 338 5943 vatio.
361 5901 430 5943 unus
452 5887 531 5956 longe
544 5887 624 5945 aliter
646 5888 736 5956 habet,
754 5887 787 5943 ln
801 5899 909 5964 utroque
997 5888 1073 5946 itte.
1089 5889 1189 5963 Tatio,
1201 5894 1295 5949 unitor
1308 5901 1333 5947 et
1343 5893 1589 5953 incommutabiliter

288 5976 425 6041 Parnon.
450 5974 546 6039 LXV.
1497 5986 1537 6061 pp
