4106 6330
231 374 284 435 rar
814 341 1300 431 s.rmemnusausmnsrs.'
1817 378 1870 437 rra

230 494 304 551 tiims
321 491 550 563 hospitalitatem,
572 489 595 547 si
609 487 717 560 quando
729 485 775 544 rel
788 485 960 558 multiplicari
974 500 1022 558 pu·
1037 491 1106 553 Are
1120 485 1178 543 lieri
1200 490 1334 544 minorem
1355 503 1438 558 qmm
1452 491 1510 547 aine
1519 490 1633 549 ceritate
1646 491 1796 563 majorem,
1820 493 1871 553 Su-

228 599 305 644 uem.
319 582 363 639 val
377 580 602 653 aliquidamplius
613 576 735 635 exhiberi
747 576 1025 649 necessilaserpetls·
1077 577 1188 650 phetuni
1207 587 1301 651 postea
1320 580 1428 636 concilii
1450 581 1597 652 qloricsum
1616 583 1763 655 respiciens
1777 585 1871 645 adesse

229 682 293 748 set,
315 676 421 733 abbatis
435 676 522 747 primo
536 671 634 729 licliels
655 670 797 728 consilium
816 671 975 743 requireret.
995 670 1025 727 ln
1077 679 1250 736 conventum,
1265 687 1373 751 precem
1387 673 1539 745 supplicem
1551 676 1780 735 mramomuibus
1793 674 1871 750 inuit,

229 766 305 828 omni
318 768 435 839 denique
449 764 565 823 coneilio
575 762 725 839 Byzacena,
741 761 775 820 de
787 763 868 820 rebus
879 762 1026 835 maioribus
1077 772 1119 831 ut,
1132 763 1184 820 sihi
1197 776 1305 821 rursum
1324 779 1356 822 se
1377 765 1496 832 uolente,
1509 764 1713 834 Quodvultdeus
1730 769 1871 840 episcopus

229 863 289 935 ipse
303 860 407 935 primus
420 857 633 925 consulebatur3
648 855 676 911 iu
689 856 856 912 monasterio
870 856 1026 928 proprioris
1077 855 1260 928 praeferretur,
1276 865 1307 913 ut
1320 857 1430 914 nomine
1443 870 1493 915 suo
1507 858 1641 929 posterius
1655 860 1779 927 recitato,
1795 861 1871 919 iretur

228 952 312 1010 rebus
330 950 450 1008 minimis
468 946 594 1006 abbatem
612 946 733 1004 Felicem
750 946 908 1019 suppliciter
925 960 1025 1005 cousu-
1077 949 1206 1022 deinceps
1223 950 1329 1008 vireret
1348 951 1551 1009 consacerdotis
1575 952 1666 1010 arrlruo
1685 955 1869 1013 reconciliato.

227 1044 313 1103 lebat.
1079 1037 1169 1095 Mirati
1192 1047 1256 1096 sunt
1278 1041 1398 1113 episcopi
1418 1040 1597 1098 humilitatem
1615 1043 1680 1100 talia
1701 1045 1872 1116 postulantis,

265 1124 313 1192 58.
332 1126 432 1188 Parum
446 1128 497 1187 tuit
510 1128 593 1186 beato
604 1124 747 1199 Fuigentio
757 1127 849 1185 rerhis
862 1128 1028 1199 stuporibus
1077 1146 1131 1188 nce
1140 1133 1303 1190 ecutnsmre
1315 1132 1459 1191 voluerunt
1471 1132 1629 1191 oilerentem
1643 1134 1701 1193 Deo
1713 1134 1872 1194 merilicium

228 1227 301 1307 hane
313 1222 496 1281 humilitatem
508 1220 585 1292 sequi
596 1234 630 1277 uc
641 1216 775 1287 retinere,
788 1219 839 1275 nisi
850 1232 899 1291 per
908 1219 1027 1301 scriptu
1077 1223 1254 1293 humilitatis,
1273 1224 1307 1281 ad
1321 1224 1528 1283 custodiendam
1542 1225 1653 1297 spiritus
1665 1227 1826 1286 societatem
1844 1229 1872 1286 lu

228 1333 288 1375 ram
299 1330 408 1388 quoque
421 1310 541 1370 drmaret
555 1311 622 1368 nihii
635 1325 666 1368 se
679 1310 706 1366 in
720 1310 768 1368 llio
781 1311 946 1368 monasterio
963 1324 1028 1383 pro-
1078 1315 1188 1372 rincuio
1201 1316 1332 1374 caritatis.
1353 1314 1405 1373 ilbi
1416 1323 1480 1373 suut
1490 1332 1563 1374 nunc
1575 1316 1613 1373 ilii
1626 1314 1725 1388 quibus
1738 1318 1873 1378 eminendi

229 1409 320 1483 prium
334 1406 482 1472 vindicare,
497 1418 547 1461 nec
560 1417 611 1475 pro
626 1410 772 1475 potestate,
787 1402 834 1459 sed
848 1416 899 1474 pro
913 1396 1028 1459 carl'taie
1079 1420 1162 1478 super
1177 1419 1292 1465 emmros
1305 1408 1459 1465 dominatur
1473 1407 1599 1475 allectus,
1616 1410 1663 1480 qui
1676 1425 1707 1466 se
1722 1411 1802 1467 etiam
1817 1413 1872 1469 suis

227 1503 301 1560 inter
314 1498 463 1557 monachos
474 1496 606 1553 habitare.
628 1496 807 1553 considerans
820 1495 891 1552 enlm
905 1496 947 1552 vir
960 1508 1026 1567 pro-
1079 1499 1215 1571 prioribus
1229 1508 1414 1571 anteponunt,
1438 1499 1556 1556 indebita
1569 1500 1620 1557 sibl
1634 1500 1772 1572 priuilegia
1788 1501 1872 1559 vinde

228 1593 307 1649 sidus
330 1607 365 1648 ue
385 1590 457 1662 quod
471 1589 543 1645 serui
557 1588 606 1645 liei
625 1588 763 1660 simplices
780 1586 963 1659 prejudicium
979 1602 1027 1658 po-
1078 1594 1193 1649 nantesl
1206 1592 1277 1650 ane
1289 1592 1385 1651 heatus
1398 1592 1563 1662 Fulgentius,
1580 1593 1781 1664 uecprimatum
1791 1611 1871 1666 quern

227 1692 287 1741 atea
298 1691 465 1755 paterentur,
474 1679 579 1736 obicem
590 1679 811 1736 contradictionis
818 1680 845 1735 iu
854 1678 1027 1750 haeseriptu·
1078 1687 1177 1742 meruit
1190 1685 1334 1743 defendere
1345 1686 1441 1752 voluit,
1457 1686 1521 1757 qnia
1536 1686 1595 1742 siue
1605 1688 1719 1744 caritate
1728 1688 1803 1759 prior
1813 1705 1873 1748 ease

227 1788 260 1830 ra
274 1771 477 1859 successorihus
495 1770 552 1827 suls
566 1770 707 1842 apposuit,
728 1770 791 1842 quia
805 1770 915 1836 utilitati
929 1784 1026 1827 mona·
1078 1778 1160 1836 aliem
1173 1779 1283 1835 minuma
1294 1780 1457 1849 episcopiam,

218 1860 342 1923 achonum
355 1864 412 1920 Deo
424 1863 598 1921 senientiam
610 1863 677 1919 nihil
688 1864 843 1935 praeposuit.
854 1862 927 1919 Emit
937 1872 1066 1942 tamenn
1113 1868 1159 1924 ut.
1187 1868 1334 1925 catholiam
1365 1868 1494 1926 Ecclesiae
1519 1871 1663 1940 singularis
1689 1872 1818 1942 magister
1844 1884 1873 1929 et

228 1958 306 2031 iuxta
319 1956 461 2014 ecclesiam
474 1955 600 2023 domum,
625 1955 669 2011 c'ul
681 1954 842 2011 fabricandae
861 1966 954 2012 curem
966 1971 1025 2011 me·
1078 1959 1188 2027 doctor,
1207 1961 1271 2016 iieet
1290 1959 1361 2016 inter
1374 1960 1463 2016 rarius
1475 1962 1670 2032 occupationes
1683 1962 1727 2018 hie
1740 1963 1767 2018 in
1782 1962 1871 2020 Attica

228 2051 331 2108 rimam
347 2047 491 2118 diligenter
509 2046 641 2118 impendit
655 2060 689 2103 ne
703 2046 793 2104 tuturo
810 2050 960 2106 successori
977 2063 1026 2107 suo
1077 2066 1175 2125 pamm
1194 2059 1320 2121 vacaret,
1344 2052 1475 2123 plurimos
1499 2060 1588 2109 tamen
1603 2053 1801 2112 ecclesiusticos
1814 2070 1873 2111 ser-

228 2141 337 2198 deesset
350 2138 507 2212 hospitium.
527 2136 694 2195 clericorum
705 2154 770 2197 nero
784 2142 806 2196 si
821 2152 873 2212 qua
885 2138 1027 2199 uetuerunt
1077 2157 1185 2211 mones,
1200 2157 1270 2213 quos
1283 2142 1310 2197 in
1325 2141 1432 2214 populis
1445 2143 1561 2209 diceret,
1576 2144 1871 2202 scribendosdictavit:

227 2233 379 2291 ministeria
392 2249 543 2306 reparans,
566 2230 697 2304 probatos
710 2228 760 2290 sihi
775 2234 875 2291 multos
892 2232 1027 2292 exlratrl·
1078 2244 1107 2290 et
1128 2233 1282 2305 ubicunque
1302 2248 1453 2291 sermonem
1473 2233 1608 2303 iaciebat,
1633 2237 1754 2293 omnium
1768 2240 1874 2297 animoa

228 2328 280 2385 bus
293 2328 434 2385 oronachis
451 2327 485 2383 ad
497 2324 708 2384 ecclesiasticam
725 2324 849 2383 militiam
867 2328 1024 2396 transtulit;
1078 2324 1267 2392 misrrumum,
1287 2342 1339 2385 nec
1351 2329 1446 2386 inanes
1456 2337 1485 2385 et
1497 2331 1658 2387 vanissimos
1671 2332 1800 2402 plausus,
1824 2335 1872 2391 sed

228 2421 267 2478 ibi
286 2432 395 2491 quoque
409 2418 516 2476 caritati
534 2419 697 2485 consulens,
719 2426 749 2475 ut
770 2419 833 2476 dum
848 2432 917 2491 pene
931 2432 1026 2476 omnes
1078 2416 1317 2490 compunctionem
1342 2428 1475 2490 generans
1489 2414 1588 2477 cordis.
1616 2414 1789 2495 Exspectarit
1810 2439 1872 2481 eum

230 2513 344 2568 ciericos
357 2527 392 2567 ex
405 2510 452 2569 ilio
466 2512 632 2568 monasterio
645 2512 766 2580 ordinat,
779 2513 896 2584 antiqusc
911 2510 1026 2571 lhmilla-
1077 2519 1180 2567 sauctae
1192 2510 1331 2567 memoriae
1345 2510 1498 2571 Bonitacius
1512 2514 1657 2586 episcopiis
1669 2510 1796 2574 Ecclesiae
1805 2516 1872 2573 Car-

229 2603 319 2663 ritatis
332 2611 460 2663 monente
469 2602 576 2670 notitia,
591 2600 663 2658 nulia
678 2603 712 2659 iis
725 2603 869 2675 aliquando
883 2604 954 2662 iuter
968 2616 1026 2661 mn·
1077 2603 1244 2673 rheginensis
1261 2605 1331 2676 apud
1345 2603 1451 2663 Burnus
1464 2607 1512 2679 isi.
1525 2607 1643 2681 Furnos)
1658 2606 1807 2667 Ecclesiam
1824 2610 1871 2668 de·

229 2696 333 2753 uacbos
349 2704 378 2753 et
391 2694 506 2753 ciericos
519 2695 704 2751 ventilaretur.
1077 2688 1181 2764 dicans,
1197 2693 1302 2752 duobus
1315 2695 1410 2754 diebus
1424 2707 1455 2756 se
1468 2702 1601 2771 praesente
1613 2706 1786 2766 tractantem,
1804 2714 1872 2772 quo·

266 2787 312 2847 59.
333 2789 472 2847 Summam
484 2802 594 2861 quoqne
610 2781 776 2859 diligentiam
790 2789 905 2862 praebuit
919 2804 953 2847 ne
966 2790 1027 2863 quis
1077 2789 1151 2845 uiam
1165 2798 1270 2847 tautum
1292 2789 1443 2849 delectatus
1465 2796 1506 2849 est
1524 2786 1619 2848 audire
1638 2790 1749 2849 terbum
1764 2789 1872 2855 liomlm

230 2884 346 2942 clericus
367 2882 518 2939 ambitiosis
537 2882 658 2951 restibus
676 2891 838 2953 ornaretur,
861 2898 893 2939 ac
911 2883 1027 2953 negotiis
1077 2883 1112 2938 de
1125 2898 1173 2940 ore
1187 2877 1257 2956 ejus,
1271 2893 1302 2942 ut
1313 2888 1401 2943 donee
1413 2886 1457 2942 iiie
1470 2900 1623 2943 sermonem
1637 2884 1744 2953 liniret,
1759 2884 1817 2957 ipse
1831 2886 1872 2960 (b)

229 2978 403 3036 moniaribus
417 2984 566 3047 occupatus
579 2972 614 3031 ab
624 2971 714 3032 oillciu
729 2972 912 3033 ecclesiastico
926 2970 1027 3031 diutius
1078 2982 1177 3031 terram
1189 2977 1314 3049 iacrymis
1328 2976 1471 3048 irrigaret,
1491 2977 1591 3048 gratias
1604 2990 1687 3048 agens
1700 2976 1776 3044 beo,
1792 2979 1872 3048 cuius

229 3079 374 3142 reparemr
385 3088 393 3124 ι
406 3069 505 3139 iubens
519 3082 613 3124 omnes
627 3082 681 3124 nou
695 3066 775 3136 longe
791 3067 825 3121 ab
845 3063 959 3121 ecclesia
974 3065 1023 3120 do·
1078 3068 1165 3137 qratia
1179 3083 1287 3140 semper
1304 3070 1332 3125 in
1352 3069 1474 3126 Ecclesia
1491 3068 1624 3126 catholica
1638 3080 1758 3126 summos
1771 3069 1873 3130 archas

230 3178 290 3219 ¹⁰⁰⁸
302 3160 423 3227 nabere,
437 3158 561 3216 millibiss
571 3157 689 3229 dimidiis
702 3152 811 3213 1]οΓῑοῐῦ
825 3155 932 3220 θθῙθῐθν
954 3155 1026 3227 isal·
1077 3154 1276 3235 praeclarosque
1288 3160 1425 3220 doctores.
1446 3160 1527 3218 linita
1539 3163 1594 3233 jam
1609 3174 1734 3221 resersus
1748 3160 1782 3219 de
1796 3163 1873 3219 exsi-

229 3252 357 3324 lendique
373 3251 493 3308 suaviter
506 3256 553 3306 aut
566 3245 758 3321 pronuntiandi
772 3262 865 3304 curam
879 3245 1062 3331 murimonte
1078 3250 1115 3306 iio
1129 3248 1250 3307 condidit
1268 3268 1356 3320 nora,
1377 3253 1471 3310 decem
1491 3253 1574 3309 libros
1588 3248 1699 3309 Fabiani
1718 3252 1873 3313 mansionili

229 3359 335 3417 qerers.
355 3343 408 3401 Per
426 3342 547 3413 singulas
566 3342 733 3413 septimanas
751 3355 847 3397 ourrres
866 3340 980 3396 ciericos
994 3352 1026 3397 ac
1077 3338 1144 3397 laisa
1158 3352 1234 3411 gesta
1249 3344 1432 3411 concinorum
1453 3344 1488 3401 de
1504 3344 1618 3401 ueritate
1630 3344 1873 3416 praedestinationis

230 3437 337 3506 viduas,
356 3438 552 3508 etquicunque
573 3433 706 3506 potuisset
726 3447 760 3489 ex
775 3430 860 3499 iaicis,
885 3440 981 3504 quarta
999 3438 1027 3488 et
1077 3439 1104 3488 at
1118 3435 1211 3506 gratiae
1224 3432 1330 3508 libellos
1343 3445 1398 3492 tres
1411 3432 1542 3506 coniecit,
1557 3430 1664 3506 aliaque
1680 3434 1764 3492 multa
1777 3434 1869 3504 dites·

229 3539 307 3591 sexta
321 3528 389 3587 laria
402 3529 498 3587 statuit
508 3527 645 3599 jejunare,
659 3520 825 3596 quotidianis
839 3522 948 3594 vigiliis,
959 3518 1028 3595 jelu·
1076 3524 1131 3591 sit,
1155 3539 1214 3595 quae
1228 3527 1323 3597 siquis
1336 3526 1407 3583 scire
1425 3526 1561 3597 voluerit,
1587 3526 1614 3583 lu
1633 3526 1693 3598 ejus
1706 3526 1873 3584 mohasterie

229 3625 300 3691 uiis,
336 3621 477 3679 matutinis
498 3625 527 3676 et
549 3616 711 3690 uespertinis
737 3610 905 3674 orationibus
931 3610 1026 3671 adesse
1076 3618 1212 3673 ueraciter
1226 3620 1326 3690 scripta
1340 3620 1467 3692 reperiet.

229 3715 388 3788 proscipiens
402 3726 509 3769 omncs.
524 3711 685 3781 Aliquantos
705 3709 841 3780 inquietos
851 3707 959 3774 verbis,
975 3706 1026 3762 ali·
1113 3706 1157 3765 bi.
1178 3706 1261 3768 Nobis
1283 3711 1440 3784 antemium
1455 3721 1561 3784 tempus
1573 3718 1614 3768 est
1631 3708 1721 3769 dicere
1734 3710 1873 3782 quomodo

173 3810 177 3815 ’
229 3816 346 3878 quantos
359 3803 519 3861 aetheribus
533 3804 692 3872 coercebat,
707 3818 776 3875 quos
790 3800 869 3872 culpa
885 3801 1027 3857 ruanilesta
1077 3810 1140 3874 post
1154 3804 1243 3859 omnia
1259 3804 1333 3859 hona
1346 3818 1429 3875 opera
1442 3816 1489 3860 sua
1510 3802 1691 3875 requieverit,
1708 3802 1741 3857 ad
1755 3802 1817 3859 eoeli
1829 3816 1874 3859 re·

227 3896 362 3967 flagellari
379 3901 517 3965 coegerat.
542 3893 582 3949 ita
597 3894 663 3949 vitia
683 3902 840 3948 cunctorum
855 3888 954 3948 salubri
970 3886 1026 3947 dis·
1077 3908 1129 3963 gna
1144 3896 1299 3950 translatus.
1320 3892 1390 3952 Ante
1404 3909 1502 3950 antrum
1515 3894 1600 3951 terme
1610 3906 1691 3964 quam
1705 3890 1739 3950 de
1753 3895 1806 3950 isto
1818 3906 1872 3951 ste-

229 3990 372 4062 putatione
392 3986 555 4057 mordebat,
579 3994 609 4041 ut
628 3985 727 4043 nullius
746 3986 911 4042 interserens
928 3975 1026 4043 nomen
1077 3988 1138 4041 culo
1157 3994 1312 4057 raperetur,
1335 3986 1466 4057 protunda
1480 3985 1789 4056 cordiscompunctionr
1803 4000 1871 4057 per-

230 4097 326 4139 omnes
338 4087 450 4152 cogeret
463 4087 601 4146 metuere,
623 4090 650 4135 et
665 4078 778 4135 latentia
792 4087 1026 4150 quoquepeccatu
1078 4086 1188 4144 nrotus,
1213 4079 1322 4148 reliquit
1344 4079 1434 4134 subito
1453 4077 1650 4134 ecclesiasticas
1668 4077 1874 4149 occupationes.

229 4174 375 4231 salubriter
388 4171 512 4228 timendo
526 4171 661 4227 deserere.
681 4168 874 4229 Verumtamen
889 4171 1026 4241 quomode
1077 4166 1111 4224 Et
1123 4170 1157 4225 de
1171 4170 1228 4242 ipso
1242 4184 1349 4243 quoque
1363 4172 1527 4227 monasterio
1544 4182 1593 4225 suo
1607 4179 1713 4227 secreto
1729 4171 1873 4242 recedens,

229 4266 301 4322 inter
314 4262 439 4335 proprios
456 4261 570 4318 ciericos
588 4262 722 4317 minorem
740 4270 833 4332 posset
846 4258 947 4318 hahere
961 4278 1025 4317 cau·
1077 4264 1110 4319 ad
1130 4264 1244 4320 insulam
1260 4262 1395 4322 Circinam
1415 4253 1508 4336 paucis
1530 4259 1721 4320 comitantibus
1746 4263 1875 4322 tratribus

230 4357 330 4428 teiurrt,
349 4357 395 4429 qui
409 4355 550 4412 diuturnas
564 4354 645 4410 etiam
660 4350 831 4410 ilnitimarum
848 4353 967 4425 plebium
987 4350 1026 4410 ri·
1077 4357 1228 4427 nauigauit,
1245 4352 1288 4413 ubi
1304 4356 1330 4412 in
1345 4354 1461 4428 quodam
1475 4352 1550 4411 hreni
1565 4352 1694 4425 scopulo,
1715 4352 1758 4409 cui
1773 4368 1875 4412 unomen

230 4466 281 4508 aas
299 4458 328 4506 et
350 4448 519 4507 contentiosa
533 4447 681 4502 certamina
695 4444 862 4502 dirimebat?
876 4442 937 4518 lpse
950 4444 1028 4501 deni·
1077 4458 1119 4504 est
1132 4446 1239 4513 Chilmi,
1254 4449 1298 4504 uhi
1309 4446 1364 4518 jam
1379 4446 1572 4502 monasterium
1584 4440 1708 4500 fabricari
1723 4442 1875 4499 rrrandare·

230 4561 285 4616 que
297 4541 517 4600 blaximianensis
535 4539 735 4596 animositatem
750 4538 852 4609 plebis,
873 4536 1025 4595 ordinatum
1078 4549 1131 4607 rat,
1148 4540 1258 4595 lectioni
1272 4544 1300 4594 et
1317 4539 1433 4594 orationi
1444 4544 1472 4593 et
1482 4536 1592 4608 jeiuniis
1607 4546 1715 4604 sacam,
1725 4537 1806 4591 reluti
1820 4536 1874 4592 sei·

229 4639 281 4695 sibi
290 4638 447 4709 episcopum
458 4634 580 4706 racipere
589 4632 715 4697 nolentis,
727 4631 828 4689 salubri
842 4628 1027 4688 admonitione
1041 4654 1064 4714 ῃ
1077 4634 1119 4687 ret
1135 4633 1353 4704 appropinquare
1363 4631 1413 4686 sihi
1433 4632 1606 4686 notissimum
1619 4622 1705 4697 diem,
1717 4629 1755 4684 sic
1770 4640 1802 4684 ex
1814 4636 1875 4686 toto

181 4760 185 4769 ·
230 4731 351 4798 sedarit,
372 4728 548 4799 debitumque
560 4723 641 4782 linem
654 4724 813 4795 grauissimo
829 4720 957 4780 scandalo
970 4732 1025 4780 sta·
1078 4721 1161 4781 corde
1182 4740 1231 4780 suo
1245 4720 1431 4808 poenitentiam
1445 4722 1536 4792 qessit.
1557 4716 1591 4777 Et
1603 4725 1726 4794 quamuis
1740 4728 1797 4777 tota
1818 4721 1874 4778 rita

231 4831 321 4888 tueris,
336 4828 434 4878 cuncta
447 4819 582 4875 intereos
594 4815 718 4874 modeste
731 4824 760 4873 et
773 4816 917 4874 salubriter
929 4810 1024 4887 pacili-
1077 4815 1145 4888 ejus,
1161 4832 1195 4872 ex
1214 4834 1268 4889 qno
1292 4816 1486 4887 rrronaciporum
1505 4815 1698 4888 professionem
1723 4826 1874 4873 conuersus

184 4940 194 4965 22
230 4928 296 4968 cuns
310 4910 454 4969 ordinarit.
1077 4925 1111 4964 ex
1126 4917 1183 4965 toto
1205 4908 1286 4965 corde
1307 4910 1444 4981 suscepit,
1469 4906 1632 4981 peonitentiae
1652 4904 1733 4964 luerit
1755 4917 1873 4979 ternpus,

185 5041 198 5081 3
266 5004 311 5059 tid.
331 4998 1025 5073 lnconscilioquoqueieltincensi,iudiciosacer·
1077 5002 1104 5057 in
1119 4996 1270 5059 hacturnen
1287 5003 1373 5058 insula
1388 5000 1473 5059 nrulio
1485 5000 1642 5071 ampliusue
1656 5001 1740 5056 multo
1754 5000 1872 5070 diiigen-

230 5096 324 5151 dotum
344 5092 465 5149 omnium
484 5092 531 5164 qui
550 5098 750 5158 convenerant,
772 5086 901 5161 episcopo
919 5086 1025 5146 cuidam
1078 5095 1148 5162 tius,
1166 5094 1302 5151 inchoanti
1316 5090 1429 5161 similis,
1444 5094 1563 5149 membra
1578 5106 1625 5149 sua
1640 5088 1829 5158 mortillcarit,
1844 5101 1872 5151 et

230 5187 342 5243 nomine
353 5182 562 5253 Quodvultdeo,
588 5178 635 5256 qui
650 5182 768 5255 priorem
781 5196 811 5237 se
824 5179 896 5237 illius
909 5181 1026 5237 existere
1079 5186 1105 5241 in
1120 5194 1268 5257 conspectu
1282 5186 1366 5242 soiius
1380 5178 1427 5241 uei
1447 5178 1529 5238 hesit.
1549 5180 1614 5239 inde
1622 5181 1677 5253 jam
1692 5182 1815 5253 piurimis
1836 5181 1872 5240 tle

230 5277 428 5344 confirmabat,
453 5277 620 5349 antepositus
641 5284 669 5332 et
689 5270 835 5346 prelatus,
859 5270 919 5347 ipso
933 5270 977 5330 die
997 5282 1025 5329 et
1079 5274 1200 5333 absentia
1214 5277 1364 5333 sacerdotis
1378 5270 1618 5339 murmurantibus,
1640 5274 1759 5331 caritatis
1778 5286 1871 5331 neces

231 5370 463 5444 temperamenti,
479 5383 530 5425 uec
543 5370 733 5426 auctoritatem
746 5366 853 5426 concilii
868 5366 1025 5425 excusando
1078 5366 1158 5424 sitate
1172 5368 1336 5424 constrictus
1360 5362 1456 5421 iterum
1477 5358 1616 5421 descendit
1630 5362 1662 5421 ad
1676 5366 1869 5425 uronastcrium

230 5466 354 5520 urinuere
366 5463 462 5519 uoluit.
481 5458 536 5517 Seu
549 5460 595 5516 ubi
606 5468 668 5532 post
680 5458 823 5518 concilium
837 5458 928 5516 dolere
942 5459 1026 5516 scrish
1077 5472 1166 5526 suum,
1181 5468 1310 5516 consuetu
1320 5456 1472 5513 horrrinibus
1481 5454 1613 5527 religiosis
1623 5458 1751 5514 exhihere
1761 5457 1867 5525 solatia,

231 5555 404 5627 episcopum,
424 5553 645 5623 timenspropter
659 5568 737 5607 suum
751 5553 884 5608 honorem
900 5551 1025 5622 qenemri
1078 5555 1239 5625 laboresque
1259 5553 1418 5609 durissimos
1438 5566 1488 5623 pro
1503 5551 1663 5608 utilitatibus
1683 5552 1867 5624 proximorum

230 5644 308 5702 haut
321 5643 496 5711 muudum,
519 5641 670 5712 meliusque
680 5638 805 5714 ludham
818 5657 868 5714 per
882 5643 1023 5700 caritatem
1073 5646 1262 5718 lonqmirnlter
1276 5645 1420 5702 sustinere.

266 5872 305 5945 (a)
318 5871 380 5937 bis,
395 5867 529 5923 duacensi.
546 5867 622 5934 hut,
641 5865 780 5920 tineaene.
990 5928 993 5935 Ι
1109 5859 1147 5932 (b)
1162 5856 1355 5931 spuodhiih,
1370 5859 1426 5929 ipse
1439 5859 1561 5929 iacrymis
1575 5874 1655 5930 penus
1668 5860 1774 5930 rtanct.
