4152 6344
168 351 222 409 trs
419 371 421 375 ’
882 345 997 401 settim
1015 345 1080 401 litt.
1370 344 1373 349 ’
1751 341 1803 398 tlt

169 464 216 520 sed
228 463 269 520 iili
319 465 450 521 tissimum
470 463 599 519 elationes
618 463 662 533 qrri
678 470 819 515 tenturum
833 458 962 531 praedica·
975 462 1001 521 Α
1013 456 1117 512 villicus
1130 454 1218 512 laetus
1231 454 1335 512 elatem
1347 453 1447 511 meruit
1459 452 1631 518 horreorum,
1642 459 1671 508 et
1681 452 1708 507 in
1722 469 1804 512 eumn

169 544 265 590 vertunt
282 479 434 591 1ἷᾶοιιτειειιι.
462 533 515 587 Sed
537 533 608 589 inter
630 546 725 586 omnes
748 528 964 599 tnagnittcentior
1014 526 1415 596 secundusaregesuseeptus,
1430 524 1555 606 princeps
1574 523 1692 579 oninium
1713 522 1805 583 decta-

170 603 290 675 loseph.
314 606 360 673 qni
381 603 512 660 claritatis
534 604 592 673 ejus
615 602 757 671 imaginem
772 607 799 655 et
811 598 963 669 passionem
1015 604 1156 651 natusest
1172 596 1231 652 lam
1246 594 1393 652 enimeoeli
1413 609 1528 665 primum
1547 593 1657 651 ubertas
1679 591 1805 664 fluxerat,

170 675 250 743 priene
275 671 434 742 dgttmtione
457 674 635 729 demonstrat.
663 671 690 725 ln
712 678 867 725 sanctorum
892 669 963 723 enim
1015 675 1044 723 et
1062 666 1223 722 circumfusa
1242 664 1366 721 imbrium
1382 664 1506 733 largitate
1524 678 1639 733 superna
1653 662 1807 723 beandites

168 742 476 825 igneisetimaginibns
487 743 656 811 agnoscimus
666 739 807 795 bominum
816 737 962 802 Christum,
1015 737 1188 792 maritaverat
1199 745 1294 791 terras.
1306 734 1464 791 fluctuabat
1473 733 1569 790 messis
1577 734 1654 790 sulco
1662 734 1807 804 pinguiore

170 828 285 882 utrorum
310 828 450 884 passiones
463 813 605 884 praeterita
619 811 662 869 rel
673 816 820 881 presentes
832 815 966 864 testantur
1015 805 1141 861 distenta.
1157 804 1291 873 Congesta
1301 815 1365 860 sunt
1378 805 1482 860 horreis
1492 804 1678 860 recusantibus
1690 807 1806 876 semina,

168 885 258 938 simile
268 882 684 952 documentum,sieutscriptum
694 887 758 936 est:
774 877 817 933 fio
832 878 965 951 tetineritis
1016 877 1112 931 futuris
1127 876 1330 932 necessitatium
1339 890 1509 931 succursura.
1523 874 1623 930 Deinde
1633 876 1808 946 sulsequitur

171 953 282 1007 chrisme
294 969 375 1017 meos,
390 963 415 1007 et
426 953 456 1007 in
470 953 608 1025 prophetas
622 967 691 1005 meos
705 965 737 1004 ne
752 948 851 1021 [neritis
865 947 965 1002 molesti
1017 946 1173 1003 insanabilis
1196 946 1290 1013 fames,
1313 953 1341 1001 et
1361 945 1486 1000 imbrium
1509 944 1632 1001 siccitate
1657 949 1806 1017 suspensis,

151 1021 199 1089 ’(1
217 1023 309 1078 Parni.
327 1038 382 1090 arr,
395 1021 454 1092 tt).
482 1022 548 1076 llam
575 1020 653 1076 facile
679 1027 722 1074 est
747 1032 977 1098 unumquemque,
1017 1017 1133 1073 alienum
1149 1025 1254 1088 tempus
1268 1024 1350 1075 aestas
1364 1014 1490 1096 habehat.
1506 1014 1626 1096 brebarrt
1638 1015 1719 1071 siccis
1737 1017 1810 1076 radi·

169 1094 264 1147 oneris
274 1092 315 1147 sni
328 1092 461 1147 sarcinam
475 1091 625 1157 sustinere,
640 1090 755 1144 alienam
768 1103 835 1143 sero
846 1086 963 1142 dilllerlo.
1017 1087 1093 1142 cibus
1107 1088 1210 1155 hcrbm,
1221 1087 1298 1141 annis
1311 1085 1487 1156 sequentrbns
1500 1099 1605 1140 senium
1617 1093 1764 1153 negatursc,
1779 1096 1808 1143 et

174 1161 240 1218 beni
280 1178 296 1217 e
316 1162 382 1231 justi
407 1176 502 1218 omnes
520 1169 548 1216 et
570 1158 655 1215 sancti
678 1159 705 1212 in
722 1157 893 1229 passionibus
911 1156 967 1213 suis
1018 1156 1088 1212 inter
1102 1173 1197 1213 omnies
1210 1170 1274 1225 erga
1299 1157 1429 1226 pallorem
1447 1153 1580 1210 deformes
1600 1155 1675 1210 solus
1693 1159 1809 1228 populus

173 1233 277 1301 misena
297 1248 332 1288 su
382 1231 431 1288 icia
454 1231 634 1303 pertulerunt.
657 1226 854 1300 Superveniens
876 1228 967 1282 auem
1016 1225 1118 1296 loseph
1138 1227 1213 1285 dives
1234 1227 1362 1281 exsultat.
1385 1225 1460 1280 Sicut
1482 1226 1610 1294 scriptum
1631 1233 1692 1292 est,
1711 1226 1809 1285 lanios

171 1300 305 1357 hominus
325 1232 470 1366 ἔξειπε,
495 1298 623 1370 uuiduuid
646 1312 740 1354 omnes
781 1296 883 1368 erpessi
905 1303 968 1352 snnt
1017 1298 1102 1369 [uim
1116 1299 1199 1361 muni,
1216 1306 1240 1351 et
1253 1314 1305 1351 non
1320 1297 1371 1351 aidi
1381 1296 1481 1367 justum
1502 1296 1757 1368 derelictamnequa
1768 1315 1810 1354 se·

175 1372 250 1429 stilus
265 1371 309 1427 ille
360 1370 694 1437 marit,sicutaliquorum
708 1313 968 1438 profantdemultis
1015 1382 1078 1422 men
1100 1367 1155 1439 ejas
1179 1377 1294 1440 spontem
1315 1383 1383 1440 pune
1407 1365 1494 1433 (ibai.
1514 1382 1605 1433 stara,
1620 1364 1677 1437 25).
1695 1365 1810 1424 erasas

173 1441 310 1509 exempla.
322 1386 419 1496 ffiniei
434 1439 510 1511 (Cap.
522 1438 638 1563 artabe,
648 1447 708 1509 post
721 1437 968 1506 interpretationem
1018 1451 1136 1507 semper,
1150 1438 1303 1504 miseretur,
1319 1447 1346 1491 et
1357 1436 1485 1507 acquirit,
1496 1443 1524 1491 et
1541 1435 1746 1493 advenientibus
1756 1437 1810 1493 ira-

175 1513 355 1578 snmniorum,
371 1517 433 1581 post
446 1509 582 1565 mirabiles
598 1508 714 1592 purim,
729 1515 790 1578 post
802 1520 894 1576 regum
909 1522 968 1562 mn·
1016 1507 1104 1563 tribus
1118 1508 1251 1562 irurnenta
1265 1506 1341 1561 laetus
1363 1507 1493 1577 impartit.
1508 1505 1581 1561 Setos
1603 1506 1629 1560 in
1648 1509 1811 1565 necessitate

177 1597 241 1635 nera
257 1596 329 1650 saepe
342 1589 511 1651 cointempta,
527 1588 590 1650 post
602 1577 761 1634 manitatem
775 1576 907 1632 idolorum
922 1591 967 1632 re·
1017 1577 1146 1643 seruauit,
1200 1578 1232 1632 'a
1247 1578 1302 1632 suis
1315 1577 1345 1632 in
1359 1578 1482 1633 uberiore
1492 1577 1594 1631 seruari
1609 1582 1662 1633 tion
1675 1579 1812 1649 pensitet

176 1650 254 1718 gibus
267 1651 454 1722 approbatam,
470 1649 561 1705 furore
574 1647 665 1720 populi
679 1646 865 1717 persequentis
878 1646 969 1716 oppri-
1019 1648 1160 1704 misericor
1180 1649 1231 1702 iam
1242 1663 1321 1717 quiam
1337 1663 1390 1703 non
1410 1647 1533 1716 accepit,
1546 1647 1687 1716 impendit.
1710 1648 1736 1701 ln
1760 1665 1810 1705 au·

174 1721 268 1785 mitur,
281 1730 307 1775 et
316 1727 413 1775 eontra
425 1729 516 1775 votum
529 1735 561 1774 ae
575 1733 644 1790 pene
657 1717 771 1772 salutem
786 1716 856 1785 regis
865 1716 969 1786 popolo
1015 1727 1110 1774 ctores
1125 1717 1215 1789 inopia
1225 1718 1380 1782 reuertitur,
1393 1726 1422 1773 et
1440 1718 1488 1772 liei
1502 1716 1618 1773 santulus
1635 1717 1809 1774 honestatur.

176 1789 299 1844 traditur.
325 1790 412 1856 Quem
434 1804 479 1844 rex
501 1788 570 1858 apud
588 1784 682 1844 selide
700 1784 860 1858 probatum,
877 1785 969 1843 divino
984 1824 1008 1886 B
1021 1785 1121 1844 Onerat
1132 1788 1280 1851 frumentis,
1296 1795 1324 1843 et
1334 1787 1462 1854 cernulat,
1478 1795 1506 1842 et
1518 1795 1811 1857 aitteuuanragrmsea·

174 1858 298 1930 Spiritu,
323 1860 442 1915 saevienti
461 1858 580 1930 pupulo,
604 1874 656 1913 non
675 1856 734 1912 tine
752 1857 834 1913 animi
855 1854 919 1911 lietu
937 1871 969 1912 ae
1022 1866 1074 1922 tur,
1095 1868 1223 1929 praestare
1246 1857 1365 1913 festinat.
1389 1857 1418 1912 ln
1435 1858 1587 1928 prestando
1619 1874 1812 1929 aeneamoras

176 1944 294 1985 moeroee
307 1929 418 1984 dimisit.
432 1929 526 1984 Nonne
540 1928 662 1984 similiter
674 1926 796 1983 Christus
806 1941 899 1996 passus
911 1927 970 1981 est?
1021 1936 1177 1997 aggesserat,
1194 1936 1223 1982 ut
1245 1927 1342 1985 fratres
1364 1928 1464 1984 (lintius
1482 1927 1581 1982 rideat.
1601 1873 1624 1982 ὃ
1644 1929 1811 1985 edutnniosa

196 2015 257 2054 uem
272 1999 355 2055 ludaei
370 2000 487 2067 grauiter
496 2006 699 2069 persequentes,
714 2006 742 2054 et
755 2011 840 2067 usque
854 1996 887 2051 ad
902 1996 971 2051 invi·
1021 1998 1120 2070 pietas!
1136 1996 1265 2054 Poculum
1284 1998 1325 2053 sui
1344 1999 1448 2066 argenti
1470 1998 1606 2067 supponit.
1628 2008 1658 2054 ut
1681 1999 1812 2055 hacteuus

197 2070 249 2123 'am
267 2067 344 2123 Pilati
358 2070 428 2139 regis
443 2066 551 2134 (111111.
568 2083 651 2136 stru,
662 2066 725 2138 11),
740 2081 801 2121 cum
815 2067 903 2121 acrius
916 2066 969 2121 sibi
1021 2067 1149 2137 cognosci
1172 2083 1188 2122 a
1205 2065 1332 2124 iratribus
1347 2068 1446 2138 possit.
1470 2066 1614 2124 Terrorem
1637 2069 1812 2126 blandiendo

175 2138 246 2193 tradi
256 2138 392 2194 Christum
402 2139 524 2194 nefandis
534 2139 644 2193 roeihns
654 2137 831 2209 postularent,
842 2135 970 2191 continuo
1021 2138 1089 2194 falso
1102 2139 1227 2198 intentat,
1243 2138 1382 2193 intuentur
1395 2138 1422 2193 in
1446 2138 1552 2194 horreis
1566 2152 1657 2207 regem
1672 2157 1681 2194 ε
1698 2141 1814 2197 adorant

178 2224 227 2264 res
238 2208 384 2278 nequitiam
395 2208 487 2280 popuii
497 2216 528 2263 et
537 2207 618 2262 diuini
627 2207 745 2262 hominis
758 2206 828 2276 apud
844 2221 873 2261 se
888 2206 971 2262 silen·
1021 2206 1134 2277 dejectis
1160 2208 1305 2263 luminibus
1325 2215 1440 2271 terram,
1466 2207 1587 2277 subiacet
1605 2210 1728 2266 uindictae
1754 2220 1813 2268 tota

173 2280 243 2344 tium
259 2279 389 2347 cogimus,
403 2294 500 2347 aquam
517 2277 551 2332 ad
566 2277 694 2334 lavandas
709 2291 804 2337 manta
818 2277 931 2346 accepit,
943 2283 971 2332 et
1021 2278 1187 2345 fraternitas,
1203 2287 1230 2332 et
1242 2279 1296 2334 reis
1310 2294 1364 2333 non
1386 2277 1461 2344 furti,
1476 2278 1523 2334 sed
1538 2279 1673 2348 parricidii
1695 2280 1813 2338 detentis

178 2350 348 2404 innocentem
368 2364 397 2404 se
415 2349 448 2402 ab
464 2347 524 2416 eius
537 2350 666 2416 magnino
684 2346 877 2418 pronuntiavit.
894 2346 968 2402 idem
1021 2357 1122 2405 tantam
1136 2348 1249 2416 largitus
1263 2357 1305 2403 est
1328 2349 1445 2411 reniam,
1465 2356 1592 2418 otiantem
1611 2364 1735 2407 meruere
1754 2366 1814 2422 pot·

174 2417 260 2474 isaias
274 2433 289 2472 a
303 2433 368 2487 rege
381 2419 532 2482 dilectusa
548 2417 602 2473 utto
616 2418 687 2487 repis
696 2416 758 2473 odio
769 2415 887 2484 babitus,
900 2416 969 2471 idem
1022 2434 1094 2474 narn.
1110 2417 1187 2475 Solet
1201 2418 1328 2473 nobilitas
1340 2417 1420 2473 facile
1432 2426 1574 2488 parentum
1588 2419 1710 2475 oblivisci
1730 2423 1813 2478 miso-

174 2504 238 2543 enm
248 2488 317 2556 regis
328 2488 600 2552 lilioeommendatus,
609 2488 649 2545 sic
658 2487 691 2542 ad
703 2501 793 2555 regem
805 2486 909 2541 locutus
918 2494 969 2550 est,
1019 2491 1085 2544 rias.
1100 2487 1202 2558 loseph
1217 2496 1307 2544 autem
1321 2488 1388 2543 nihil
1401 2488 1501 2543 oblitus
1511 2496 1552 2543 est
1563 2488 1590 2544 ia
1608 2488 1750 2561 fratribus,
1760 2491 1814 2547 nisi

176 2556 504 2613 ilieenstcommendatio
515 2567 569 2618 tna,
584 2574 644 2624 rex,
659 2557 724 2612 nihil
735 2564 839 2622 munet,
850 2557 896 2612 sed
926 2571 971 2612 re·
1020 2557 1224 2627 solasinjurias.
1240 2557 1422 2629 beniqnepro
1437 2558 1500 2614 edio
1515 2558 1737 2627 misericerdiam,
1761 2577 1813 2632 prro

176 2627 247 2682 dest.
269 2627 413 2683 tamenim
437 2627 540 2683 inserit
553 2627 636 2683 Belial
651 2626 677 2683 in
690 2642 738 2681 cor
750 2624 881 2689 Manasse.
920 2641 968 2681 un·
1020 2628 1181 2685 erudelitate
1195 2628 1326 2695 laetitiam,
1341 2644 1391 2711 pro
1402 2628 1498 2696 stabis
1512 2630 1603 2684 osenla
1624 2643 1812 2699 repraesentat,

175 2698 242 2767 quid
256 2713 309 2751 non
323 2706 351 2753 et
364 2698 495 2765 ejtrsmodi
510 2697 611 2752 iactum
627 2698 683 2769 ipse
723 2696 814 2753 ertnlit
837 2694 970 2765 Christus,
1020 2698 1085 2754 facit
1099 2700 1133 2754 de
1148 2698 1270 2754 hostibus
1280 2697 1416 2766 dommus,
1433 2699 1467 2754 de
1486 2698 1648 2768 ignobilibus
1657 2701 1759 2769 eleros,
1778 2702 1814 2759 ds

142 2812 149 2821 .
177 2768 266 2836 epeia⁴
281 2782 341 2823 eum
354 2766 440 2823 alico
454 2764 534 2824 Patre
547 2712 754 2823 dileetnsfissus
776 2766 971 2833 haberetur,a
1021 2767 1092 2823 furate
1107 2767 1242 2834 fortiores,
1253 2778 1282 2824 et
1295 2784 1375 2825 omne
1387 2770 1414 2823 in
1435 2784 1518 2825 unum
1539 2770 1674 2839 recolligit
1693 2773 1735 2828 sui
1749 2787 1813 2827 εει·

173 2835 245 2892 luda
258 2836 389 2892 traditur?
402 2836 521 2907 lienique
535 2836 574 2894 sio
589 2837 621 2893 ad
635 2836 854 2906 suosdiscipulos
866 2836 971 2893 loeutus
1020 2839 1108 2965 fumis
1131 2853 1225 2908 penus.
1250 2838 1442 2921 Nosquoque,
1464 2837 1632 2896 dilectissimi
1655 2840 1763 2907 imtres,
1787 2844 1812 2898 si

175 2916 229 2971 est,
241 2908 333 2963 dicens
345 2925 352 2961 z
365 2910 443 2963 insen
454 2909 512 2962 dico
523 2907 603 2975 robis,
615 2909 676 2978 epeia
688 2923 752 2962 cinus
764 2924 798 2961 ea
807 2906 876 2965 robis
887 2906 971 2963 tradet
1032 2909 1150 2966 errimus
1169 2908 1264 2965 eadem
1285 2911 1393 2976 imitati,
1408 2909 1509 2965 erimus
1531 2910 1601 2966 siem
1624 2911 1651 2965 in
1664 2910 1812 2982 Evangelio

174 2976 326 3101 umidiore.
343 2993 397 3044 arv,
410 2977 465 3050 18).
479 2978 622 3035 Veniamus
631 2993 701 3033 nune
710 2977 744 3032 ad
752 2977 903 3048 passionem
911 2993 971 3033 san·
1021 2979 1215 3051 scriptumest,
1230 2979 1261 3034 st
1272 2980 1384 3051 semrim
1396 2994 1457 3052 pum
1475 2979 1571 3036 utendo
1585 2979 1666 3049 eolis,
1683 2983 1744 3055 jaas
1755 3000 1812 3041 nen

175 3048 213 3102 eti
240 3047 339 3118 osepb,
352 3047 428 3120 ctu'ns
442 3047 581 3103 exordium
596 3044 718 3118 praefert,
731 3061 791 3119 qum
805 3062 855 3103 nos
865 3047 970 3117 signata
1019 3050 1159 3107 serdicam
1168 3066 1267 3115 seruos,
1281 3048 1327 3105 sed
1337 3050 1435 3106 amieos
1449 3048 1539 3121 (feam
1552 3066 1599 3119 xv,
1610 3049 1666 3118 11).

172 3118 296 3180 castitas,
309 3126 336 3172 et
346 3132 380 3173 et
390 3118 816 3173 servitutertohilitastaeerenon
827 3116 900 3173 sinit.
920 3117 970 3175 ilie

177 3201 294 3256 iratoque
302 3203 362 3242 enin
371 3186 659 3259 simpliciterlratrilms
666 3187 777 3243 visionis
786 3185 966 3257 sumquietem
981 3196 1005 3262 c
1315 3206 1430 3264 ssssspp
1449 3206 1513 3264 pm¹

173 3258 299 3327 exponit,
312 3256 432 3315 fomitem
447 3257 541 3315 livoris
559 3258 678 3323 incurrit,
696 3266 724 3312 ut
738 3273 768 3313 se
789 3272 806 3313 a
826 3258 964 3314 luminari·

91 3358 96 3365 ·
177 3327 228 3383 bus
239 3327 404 3394 eoelestihus,
419 3337 446 3383 et
457 3327 600 3383 duodecim
610 3327 744 3383 sideribus
758 3328 785 3382 in
798 3342 894 3384 somno
904 3343 966 3384 cer·
1335 3322 1375 3378 De
1389 3320 1491 3377 &otim

174 3403 257 3453 neret
269 3398 387 3462 adorari,
401 3406 428 3452 et
441 3397 605 3467 manipulum
624 3414 701 3453 sunm
715 3412 795 3468 supra
805 3406 965 3453 ceterorum
1265 3460 1270 3472 ,
1419 3460 1425 3473 ⁸

173 3467 292 3523 fratrum
304 3468 455 3538 manipulos
467 3467 549 3523 levari
562 3465 638 3538 (Gen.
656 3472 767 3534 attur).
783 3467 966 3537 tubaeque
1052 3459 1308 3530 Halessatfllsslitlti
1360 3460 1810 3536 191111511110111111111111111111·

178 3538 300 3606 peccarit
315 3538 360 3593 ille
373 3537 419 3606 qui
430 3538 576 3591 virlitiant
589 3537 653 3609 quid
667 3546 759 3593 votum
778 3537 890 3593 fraterni
901 3553 965 3592 san·
1017 3531 1081 3586 1111111
1096 3539 1177 3603 111111
1187 3532 1304 3588 111111Ιὶ1·
1347 3532 1723 3589 1101111111ῡὶ111111111111111
1747 3550 1813 3605 pre·

172 3607 268 3676 guinis
291 3605 410 3677 profuiti
433 3607 498 3676 quin
524 3609 614 3689 potius
637 3607 732 3662 futurae
757 3606 881 3675 dignitati
908 3605 967 3676 eius
1017 3602 1084 3677 silit.
1100 3612 1129 3657 nt
1153 3616 1203 3657 ¹¹00
1220 3616 1344 3657 1111111111
1366 3616 1395 3656 tt
1414 3602 1521 3665 11111111,
1541 3618 1592 3659 nec
1615 3605 1749 3660 ruiturum
1764 3622 1813 3662 ett-

177 3677 465 3748 consummaturam
488 3676 740 3733 odisseneseirent.
762 3677 882 3748 benique
905 3677 967 3733 inde
1017 3679 1139 3743 81101111·
1163 3670 1281 3727 Ρ11111111
1310 3672 1430 3741 impetiit
1462 3673 1633 3728 11111111ῑί111
1667 3673 1811 3747 AEssyttliut

177 3745 247 3801 furit
262 3747 400 3803 calamitas
412 3746 524 3816 justum,
541 3749 612 3802 uuile
626 3749 717 3802 nocuit
733 3748 883 3815 perniciosa
905 3763 966 3803 cru·
1018 3752 1123 3801 tumor.
1146 3751 1175 3798 et
1197 3741 1423 3797 inflammantibus
1444 3742 1540 3797 animis
1564 3744 1668 3799 invidiae
1688 3745 1810 3800 fomitem

177 3815 276 3871 uetitas
286 3815 408 3871 fratrum.
424 3815 499 3871 sicut
513 3818 705 3888 scriptumest,
721 3816 785 3872 b'ati
798 3819 967 3890 cinnamis
1017 3812 1165 3868 cruciabat.
1181 3809 1227 3868 Sic
1241 3812 1362 3867 divinum
1387 3813 1514 3883 poputum
1535 3812 1690 3870 oratinibus
1712 3816 1812 3871 animis

169 3901 226 3957 epo
241 3894 266 3940 te
280 3888 366 3941 cornei
388 3887 492 3941 nomine
514 3895 557 3941 tuo
582 3886 650 3955 (isa.
678 3904 738 3951 tur,
753 3885 793 3956 1),
812 3886 869 3942 ibat
887 3890 969 3958 igitur
1015 3882 1164 3945 lacerabat,
1179 3882 1352 3938 sicaddietos
1368 3885 1496 3954 operibus
1518 3886 1698 3954 oppriment,
1714 3896 1743 3940 nt
1758 3888 1811 3941 nri-

177 3957 276 4011 bcatus
295 3957 344 4010 iste
365 3953 478 4026 loseph,
493 3956 549 4011 ibat
582 3960 734 4025 erignotos
753 3957 890 4021 uanmms,
913 3958 968 4014 ibat
1018 3968 1070 4007 nus
1092 3956 1216 4008 sterteret
1238 3951 1275 4008 de
1293 3968 1374 4023 poetttt
1396 3954 1535 4022 manasei.
1563 3955 1587 4011 si
1611 3970 1664 4010 non
1688 3967 1814 4013 ceneret

176 4026 266 4091 anim,
281 4031 310 4079 et
329 4026 427 4095 ubique
450 4034 532 4082 tutus.
574 4035 583 4079 t
606 4026 689 4082 irater
708 4029 782 4084 uenit
802 4027 836 4083 ad
859 4025 966 4091 frames,
1019 4022 1284 4079 innocentesoceidi.
1299 4023 1437 4092 Nusquam
1454 4032 1603 4080 esteontra
1627 4026 1719 4081 odium
1740 4033 1813 4095 mgis

176 4097 306 4150 nesciens
314 4093 419 4151 furfures
432 4112 491 4152 esse
508 4096 639 4153 latrones.
661 4097 727 4154 Nam
749 4108 777 4155 et
800 4098 852 4154 iilis
868 4114 922 4154 non
939 4107 969 4153 nt
1019 4108 1114 4148 secura
1125 4094 1239 4160 justitia,
1252 4095 1314 4163 quia
1329 4111 1384 4149 non
1400 4102 1437 4149 est
1452 4104 1528 4150 tutus
1539 4096 1652 4152 irremeen
1693 4097 1738 4153 ubi
1749 4112 1813 4153 reus

172 4163 264 4220 frater
274 4167 384 4221 terricus
398 4167 549 4235 ridebatur,
591 4182 684 4223 uorum
703 4176 807 4224 mentes
827 4168 968 4224 mortalem
1019 4164 1184 4231 agnoscitur.
1194 4162 1287 4232 snam
1301 4164 1327 4218 in
1343 4165 1443 4219 rabiem
1458 4175 1578 4235 potestas
1590 4166 1664 4222 homi
1687 4166 1739 4233 ilis,
1760 4169 1812 4222 im·

173 4234 359 4307 possederant
389 4236 545 4304 cogitatum.
567 4181 704 4308 goticepto
735 4240 815 4308 igitur
837 4239 968 4294 scelerata
1020 4233 1811 4316 manisqueimpetuslnrornesanisfrendoribusintumeseit.

174 4314 272 4359 rnente
299 4305 429 4371 consilio,
460 4307 486 4361 in
509 4306 668 4375 profundam
694 4310 835 4379 projicitur
862 4307 968 4363 foveam
1019 4303 1087 4359 dum
1107 4304 1188 4368 {mulin
1201 4305 1361 4361 incenditur.
1377 4304 1444 4360 Cum
1459 4306 1569 4362 1111111111
1583 4308 1697 4368 1111111111.
1769 4317 1812 4364 tus

168 4371 288 4499 icem
309 4373 482 4445 111111ιᾶ5),
506 4379 533 4431 in
548 4392 601 4445 qua
623 4378 683 4448 plus
707 4381 789 4435 tutius
805 4394 886 4446 quam
908 4393 970 4434 euru
1021 4372 1510 4442 inflatumUrunturviscem,mcmbra
1519 4377 1692 4431 candescunt.
1723 4380 1812 4434 eesibi

187 4444 309 4500 ratribus
323 4445 476 4501 traheretur.
492 4445 595 4503 Dehinc
609 4448 635 4501 in
647 4445 765 4521 AEgypm
780 4447 968 4513 retrumdatus,
1021 4453 1152 4515 tyrannus
1173 4451 1262 4514 potest
1276 4446 1398 4512 intelligi,
1419 4459 1500 4516 quem
1515 4444 1603 4501 lutura
1621 4448 1759 4503 ‹lanmatio
1773 4449 1812 4503 le·

83 4552 89 4561 .
169 4521 264 4581 atqrm
278 4514 315 4569 ibi
331 4514 401 4571 inter
415 4515 480 4570 dura
490 4516 628 4572 servitutis
641 4518 768 4587 obsequia
783 4518 970 4573 inverecundae
1020 4522 1095 4568 cerat
1108 4514 1294 4569 extimescere.
1305 4512 1385 4569 lubet
1396 4514 1493 4570 laturis
1506 4517 1627 4571 maribus
1641 4516 1732 4572 inferri
1746 4532 1811 4588 per·

168 4582 303 4640 mulieris
311 4584 345 4639 ab
353 4585 486 4655 impudica
497 4582 968 4659 pudieusappetrtnrifienes.utras),
984 4571 1130 4650 Daieiem,
1142 4591 1170 4637 et
1184 4584 1210 4637 in
1225 4583 1328 4654 lapsum
1343 4594 1446 4639 naturae
1459 4587 1614 4654 proruentis,
1628 4588 1741 4644 1111111111
1755 4589 1813 4645 vitl-

163 4653 259 4723 quasi
274 4654 301 4708 in
315 4655 440 4712 omnibus
454 4656 532 4727 primi
548 4656 664 4713 hominis
679 4659 754 4714 crire
766 4665 858 4728 posset
876 4673 970 4712 exem·
1020 4654 1131 4708 neribus
1156 4653 1289 4721 jugulare.
1313 4652 1396 4709 lubet
1416 4655 1503 4711 occidi
1526 4671 1595 4724 quos
1616 4659 1716 4724 neseit;
1734 4659 1813 4729 iubet

167 4723 273 4793 plum,
287 4724 332 4780 eui
346 4723 395 4781 iuit
405 4740 438 4780 ex
452 4726 563 4781 muliere
570 4726 749 4796 naufragium,
762 4726 968 4797 sieuiseriptnm
1021 4721 1136 4778 interfici
1147 4737 1216 4791 quos
1229 4724 1344 4793 ignorat.
1362 4725 1432 4780 Proh
1453 4725 1532 4781 dolor
1549 4727 1669 4794 generis!
1691 4730 1757 4799 proh
1773 4731 1813 4785 la-

165 4801 235 4859 est,
251 4792 371 4861 Domine,
381 4795 475 4850 mulier
487 4796 535 4851 iffa
545 4813 621 4868 paam
635 4798 699 4861 initii
721 4797 827 4866 dedisti,
852 4797 909 4867 ipsa
929 4813 970 4851 me
1021 4809 1119 4864 erymaa
1133 4792 1255 4862 pietatis!
1268 4794 1296 4847 Si
1313 4795 1400 4851 timeri
1414 4804 1560 4865 potuerant
1572 4797 1634 4863 viui,
1648 4800 1712 4867 outo
1721 4809 1813 4857 tamen

162 4863 283 4934 decepit
297 4860 401 4932 (cenea.
415 4882 454 4930 tn,
467 4865 521 4989 11).
534 4865 654 4935 Curaque
665 4867 764 4937 loseph
776 4867 970 4935 eenimrcasti-
1021 4864 1141 4919 fecerant
1161 4865 1309 4919 irasciturii
1333 4860 1378 4920 Sic
1399 4865 1470 4921 eruin
1491 4865 1637 4937 Scripturas
1667 4872 1813 4929 aucmritas

163 4932 255 4998 tatis,
270 4934 438 5002 importunos
452 4952 496 4990 mn
509 4937 571 4992 ieris
589 4939 696 4992 animos
710 4938 822 5001 euitare,
842 4945 870 4991 et
884 4938 969 4991 simn-
1022 4950 1037 4988 a
1059 4933 1197 5004 probarit:
1215 4932 1248 4987 Et
1260 4936 1381 5007 precepit
1392 4934 1500 4995 emm
1514 4939 1584 4992 omni
1595 4940 1690 5009 populo
1700 4941 1811 4997 dicens:

158 5002 229 5059 tati
243 5004 364 5059 criminis
376 5020 438 5061 reus
453 5007 478 5059 iu
490 5007 577 5062 mariti
589 5007 751 5063 conscientia
763 5008 898 5078 figeretur,
910 5022 971 5061 car·
1046 5020 1134 5059 mrtem
1146 5005 1288 5059 mumolum
1300 5010 1343 5076 pai
1358 5015 1433 5060 nutus
1448 5008 1526 5077 fuerit
1536 5004 1664 5076 ilebroeis,
1675 5011 1702 5065 in
1712 5028 1815 5068 amnem

155 5086 273 5129 cerem
290 5089 339 5142 per
354 5074 497 5131 triennium
513 5076 628 5145 excepit.
650 5075 793 5133 Carcerem
810 5081 909 5132 meruit
923 5079 969 5146 nui
1042 5073 1150 5144 rejicite,
1162 5076 1285 5146 [eminuas
1299 5092 1357 5131 uero
1371 5077 1497 5146 aieipfeute
1511 5077 1610 5143 tft'sod.
1630 5096 1648 5144 r,
1665 5079 1721 5141 tat.
1736 5078 1759 5136 0
1772 5084 1816 5138 in·

152 5141 359 5270 mohabiliter
371 5145 446 5200 uixit.
459 5143 602 5201 carcerem
620 5148 719 5203 meruit
731 5148 776 5216 qui
791 5160 807 5200 a
824 5162 854 5201 se
873 5147 971 5218 impro·
1021 5094 1103 5199 farma
1119 5144 1235 5200 libidinis
1249 5146 1370 5199 harttma!
1386 5145 1518 5201 Oinsanm
1532 5149 1630 5204 metitis
1642 5152 1813 5208 incendiumi

61 5227 65 5233 ’
211 5221 246 5267 ta
270 5213 377 5283 repulit.
404 5214 546 5273 carcerem
566 5216 665 5270 meruit
686 5216 732 5286 qui
750 5230 810 5271 eam
833 5217 971 5272 nesciente
1023 5213 1145 5268 Sustinet
1162 5215 1201 5268 ira
1221 5229 1289 5283 qrros
1313 5214 1400 5283 ierint,
1415 5219 1513 5287 qumrit
1533 5233 1612 5287 poeua
1632 5235 1701 5290 quos
1715 5224 1812 5280 nescu.

154 5281 280 5340 marito
292 5285 420 5340 servarit.
433 5284 487 5340 Sed
500 5300 553 5340 nen
567 5285 652 5341 deluit
665 5285 825 5341 innocentie
839 5286 884 5341 itte
898 5294 972 5342 tutor
1024 5283 1087 5339 Vult
1100 5283 1200 5339 hahere
1213 5299 1282 5353 qnos
1296 5294 1431 5355 torqueat,
1445 5295 1473 5341 et
1484 5304 1537 5341 non
1558 5289 1633 5343 norit
1653 5304 1722 5359 qeins
1742 5295 1817 5350 ocei-

153 5349 333 5419 smbiimins,
348 5362 377 5409 ut
387 5355 460 5424 justo
474 5355 501 5410 iu
514 5370 624 5412 carcere
636 5355 795 5422 constituto,
805 5356 972 5411 somniorum
1023 5351 1340 5422 matemautensem
1353 5357 1449 5437 pietas,
1461 5372 1542 5426 qnam
1554 5360 1651 5429 impius
1664 5361 1753 5425 nuent,
1768 5364 1816 5434 oui

151 5421 304 5480 mitteret
313 5424 481 5494 sapientiam.
498 5423 565 5480 Cum
579 5424 685 5480 duobus
697 5424 861 5495 spadonibus
878 5440 972 5481 seeum
1024 5425 1181 5481 vorantibus
1203 5426 1330 5495 parratm
1349 5428 1431 5495 possit
1447 5428 1563 5497 asperti.
1581 5430 1712 5500 nudisque
1736 5449 1816 5502 rapa·

150 5496 193 5551 in
214 5493 346 5572 custodia
361 5495 514 5550 constitutis
527 5496 631 5550 samnia
645 5496 773 5565 praescius
786 5494 915 5566 aperiret,
927 5496 973 5551 uni
1024 5493 1101 5549 cibus
1120 5492 1224 5563 jactare
1243 5505 1394 5553 irascentes.
1415 5496 1518 5567 Cogita,
1537 5500 1658 5569 iniquam,
1673 5502 1738 5572 quid
1759 5505 1815 5561 illie

149 5566 191 5624 in
213 5570 318 5629 vitam,
331 5564 450 5620 etalteri
465 5565 492 5619 in
508 5572 633 5629 mortem,
649 5574 677 5621 et
690 5566 777 5622 siead
796 5574 973 5634 eortspectum
1024 5563 1102 5619 vivus
1119 5564 1207 5634 pettit
1229 5567 1409 5636 perpetium
1432 5567 1546 5624 necdum
1572 5578 1652 5626 natus
1671 5572 1816 5640 jubebatur

148 5631 255 5702 mgis
264 5631 373 5688 advenit
388 5630 464 5704 (Gen.
476 5637 540 5708 xe);
555 5644 582 5691 et
600 5635 706 5692 somnio
720 5637 791 5704 repis
805 5636 973 5694 manifestius
1024 5632 1119 5690 occidi.
1136 5631 1211 5700 Quos
1223 5645 1288 5693 tune
1302 5651 1381 5692 casus
1395 5645 1546 5696 maternum
1564 5655 1663 5697 nomen
1684 5646 1816 5712 expanti

144 5699 327 5779 patelaem,
343 5702 459 5787 luteram
470 5705 587 5776 inopiam
601 5706 759 5775 designavit.
774 5704 822 5761 ttic
835 5708 974 5777 copiarum
1023 5718 1094 5772 tpttos
1107 5703 1170 5761 iecit
1188 5705 1296 5762 dolosos
1311 5708 1468 5776 parentibus
1486 5709 1568 5779 impia
1588 5710 1731 5784 feralisque
1753 5731 1815 5785 per·

216 5836 234 5857 ⁰
254 5846 294 5898 te,
307 5820 485 5895 ereturmeliu
505 5841 580 5909 ,prii
598 5843 673 5895 llmr.
1435 5911 1438 5915 ¹

263 6006 265 6011 ,
324 5923 458 5994 Putant.
478 5933 575 5995 LXV.
1562 5946 1603 6013 2ss

1646 6022 1657 6045 .
