4106 6330
166 380 170 387 q
203 304 237 366 ta
542 275 549 293 ⁸
888 282 1150 347 nnounconnnn
1187 298 1189 301 v
1249 352 1252 357 ¹
1807 270 1845 331 su

204 422 279 496 crim
298 432 418 481 maanes
439 415 486 489 qni
507 410 603 472 sedulo
623 408 777 483 perlegerit,
798 406 849 463 abs
866 404 949 461 dnbio
969 404 996 457 in
1010 400 1034 461 il
1048 395 1209 453 hrianorum
1223 406 1305 464 grege
1320 399 1375 447 taur
1398 389 1511 461 insignia
1536 386 1644 460 pietatis
1657 397 1686 442 et
1706 385 1734 443 in
1747 384 1844 443 ortho-

203 516 257 573 illrs
279 509 477 570 animadvertet
493 502 638 577 quamdam
657 498 790 557 sermonis
810 494 997 571 castimoniam

203 619 286 663 aurea
303 599 403 659 secula
421 595 600 660 redolentem,
624 601 653 649 ct
666 588 816 647 Gothorum
830 584 998 658 temporibus

203 709 354 771 perraram

238 806 346 876 indque
360 801 410 858 luit
423 799 473 857 abs
483 796 567 856 dubio
576 811 626 868 per
635 807 743 851 omnem
755 788 912 863 Hispaniam
922 785 999 843 Hon-

203 902 262 960 tani
275 912 389 966 nomem
401 905 429 952 et
442 892 502 964 sius
514 890 654 965 sapientiae
666 886 737 942 lama
751 885 819 942 adeo
832 880 998 955 percrebuit,

204 1007 234 1055 nt
254 993 374 1069 synodus
391 988 415 1046 ll
435 986 567 1045 Toletana
590 981 681 1039 habita
696 974 833 1035 arnobii
851 975 904 1032 hnc
917 970 999 1029 modo

204 1087 368 1147 inscribatur
381 1101 389 1139 ε
401 1078 526 1155 Spnbdrts
536 1075 625 1133 babitu
639 1075 666 1130 in
680 1073 783 1129 ciuitate
793 1069 920 1126 Toletnnn
929 1065 1000 1138 apud

153 1200 156 1211 ’
204 1181 361 1238 Hortensia
373 1175 537 1249 episomam,-
547 1162 849 1240 saepiusqueaPatribus
862 1166 1000 1231 postremo

205 1275 234 1330 in
246 1270 336 1343 capite
349 1265 513 1331 nominatur,
535 1257 691 1324 asserendo,
717 1266 833 1325 sequens
854 1248 999 1308 concilium

205 1362 364 1420 allontnno
382 1352 591 1419 concoenudrnn,
613 1359 639 1406 et
657 1347 728 1420 apud
743 1362 801 1402 enm
821 1342 912 1399 debere
930 1342 999 1396 cele·

203 1455 288 1512 brari.

237 1566 384 1638 octoginta
407 1524 494 1621 tribus
515 1559 595 1617 annis
624 1562 686 1629 post
708 1552 845 1626 prrelatam
867 1545 999 1621 synodum

204 1658 358 1721 masania,
382 1654 410 1712 in
427 1652 532 1727 synodo
544 1645 749 1717 Carthaginensi
764 1641 854 1699 habita
874 1638 925 1696 snb
937 1649 1001 1707 rege

1047 491 1117 547 doxa
1131 487 1261 558 religione
1274 484 1371 542 tuenda
1382 481 1509 539 indefessi
1519 481 1601 537 studii
1613 478 1766 538 testimonia
1777 493 1843 549 pran-

1048 580 1145 637 buerit.
1160 578 1201 634 Ex
1214 593 1268 650 quo
1282 561 1425 631 maximam
1440 574 1466 630 in
1481 574 1551 628 hanc
1565 579 1687 628 sanctam
1700 577 1841 638 metropo-

1048 673 1159 729 litanam
1187 668 1336 729 Ecclesiam
1359 664 1518 723 Toletanam
1547 663 1660 733 gloriam
1691 658 1844 716 redundare

1048 780 1128 821 neum
1143 760 1395 829 convicaneique
1409 756 1575 812 indeomnes
1591 751 1751 819 intelligent,
1761 763 1843 819 qnam
1884 730 1888 739 ’

1049 857 1218 914 meritonam
1242 851 1398 907 catholicam
1412 846 1513 904 dixerit
1533 843 1671 901 autentus
1685 857 1701 897 a
1716 840 1843 895 llontano

1049 956 1160 1023 quartus
1182 944 1262 1016 bnjtrs
1284 943 1355 999 sedis
1375 941 1520 1013 episcopus
1543 938 1570 993 in
1593 934 1793 1005 subscriptione
1813 945 1843 985 nr

1049 1040 1157 1111 conscilii
1169 1035 1310 1095 Toletani:
1330 1048 1426 1104 nempe
1439 1032 1501 1102 qnia
1521 1038 1645 1101 pastores
1666 1039 1775 1097 semper
1795 1022 1844 1078 ba·

1050 1132 1161 1197 buissel,
1172 1128 1219 1200 qui
1231 1126 1360 1183 llontano
1370 1123 1472 1180 similes
1481 1136 1497 1177 a
1507 1128 1582 1178 recta
1596 1127 1677 1191 atque
1690 1112 1843 1175 ortbodoxs

1049 1222 1188 1307 catholicae
1201 1218 1327 1276 Ecclesia
1341 1215 1393 1273 tide
1406 1215 1451 1272 rel
1461 1217 1532 1272 inter
1546 1214 1619 1286 ipsas
1632 1225 1755 1269 errorum
1768 1216 1844 1264 tene·

1049 1316 1113 1372 bras
1129 1314 1313 1384 maximasque
1327 1308 1544 1382 persecutionum
1560 1305 1694 1378 procellas
1707 1314 1843 1371 nurrqtmm
1877 1315 1883 1321 ·

1050 1403 1221 1460 desciverint.
1245 1439 1247 1442 <

1087 1496 1159 1551 llbiit
1172 1493 1314 1549 Hontanus
1335 1506 1407 1549 anno
1420 1489 1514 1546 ultiuto
1528 1485 1670 1542 limalarici
1686 1484 1765 1552 regis,
1784 1483 1843 1554 cpi-

1051 1593 1178 1655 scnpatus
1191 1583 1234 1640 sui
1246 1598 1328 1651 nono,
1357 1576 1554 1638 incarnationis
1566 1574 1708 1632 dominicae
1722 1571 1769 1626 551
1785 1591 1791 1625 :
1804 1582 1844 1626 at·

1051 1690 1104 1747 qne
1118 1676 1143 1730 in
1157 1676 1229 1730 htrnc
1238 1687 1339 1729 annum
1353 1669 1494 1728 reserenda
1508 1674 1571 1724 sunt
1583 1681 1643 1737 qum
1656 1661 1844 1736 quamplurimi

204 1750 380 1815 amem
394 1760 466 1803 ΜΟ
485 1742 538 1800 ⁶¹⁰
557 1741 678 1798 mserum
694 1736 788 1793 pum
806 1741 868 1791 πω
891 1730 999 1789 ⁰⁰⁰⁰i¹ii
1015 1753 1171 1846 phistoriei
1185 1779 1247 1820 cunr
1262 1770 1408 1828 nostrates,
1429 1766 1485 1813 tum
1499 1755 1586 1812 extem
1601 1753 1712 1810 tradunt
1725 1750 1760 1806 de
1773 1750 1844 1806 dirc-

206 1841 332 1900 'l'cletaui
352 1838 425 1896 usic
438 1834 571 1907 indigitati
588 1851 596 1889 r
611 1831 681 1905 opud
693 1837 813 1886 snncmm
834 1824 997 1882 llantnnmn.

204 1934 273 2002 Quam
285 1930 369 1989 rerba
382 1925 566 2001 superioribas
579 1923 705 1995 adjuncta
715 1919 857 1993 perspicue
875 1931 1001 1986 compro·

203 2024 273 2083 bant
290 2037 346 2079 non
357 2021 447 2078 solnm
468 2015 639 2089 sapientiam,
655 2027 748 2070 nerum
764 2010 847 2068 etiam
873 2006 1001 2066 sanctita·

206 2125 264 2174 mm
273 2111 397 2170 llontaoi
410 2110 439 2167 in
451 2106 581 2181 Hispania
594 2105 676 2162 luisse
686 2101 879 2175 percelebrem.

238 2231 370 2302 (imantia
393 2237 550 2286 sanctorum
570 2225 763 2283 Ecletanorcm
786 2221 861 2278 lastis
884 2235 939 2276 non
965 2219 1001 2275 slt

206 2322 357 2395 ascriptus,
380 2319 498 2378 lrandari
517 2334 571 2376 non
604 2324 694 2389 potest
713 2314 802 2385 elogio
825 2311 912 2368 sancti
930 2310 1001 2366 ltue-

205 2415 316 2489 pHonsi,
337 2412 385 2484 qni
405 2426 467 2468 ema
485 2410 668 2466 lentissimum
691 2405 850 2463 menonem
873 2401 1000 2474 appellat,

206 2518 315 2562 amnon
329 2502 437 2558 Patrurn
447 2498 699 2569 Carthaginensium
713 2494 927 2554 conclamatione
936 2507 1002 2547 serr·

206 2604 278 2651 emm
289 2594 448 2652 Hortarium
460 2590 703 2649 denominantium.

245 2718 322 2778 Licet
336 2719 467 2775 virtutum
488 2716 608 2773 omnium
631 2713 711 2770 lauch
732 2710 868 2780 floruerit,
885 2710 1004 2767 maxime

208 2813 278 2869 rero'
290 2808 348 2866 zelo
361 2809 458 2867 domus
471 2805 579 2869 Domini
591 2805 687 2862 ardere
700 2803 772 2879 visus
782 2810 835 2872 est,
850 2809 878 2860 et
890 2816 940 2875 pro
951 2799 1004 2858 ilde

208 2901 359 2960 artbodma
374 2907 446 2956 sarta
462 2906 534 2956 tecta
548 2896 647 2955 tuenda
662 2904 744 2968 atque
756 2908 894 2952 sasromm
918 2906 1002 2950 mnn-

209 3008 275 3050 num
289 2991 428 3063 disciplina
441 2988 624 3055 instamanda,
638 2998 733 3045 eontra
746 2994 870 3073 qnorum
883 2991 1004 3042 monstra

208 3093 238 3142 at
251 3099 351 3158 pravos
364 3098 429 3139 usus
450 3081 478 3137 in
491 3078 621 3151 Hispania
638 3086 793 3150 grassantes
806 3075 913 3134 assidue
932 3089 1003 3147 prae-

209 3172 281 3230 liari.
296 3170 326 3228 ld
339 3170 461 3243 epistole
471 3170 529 3241 lam
541 3167 656 3225 laudatae
669 3174 813 3235 testantur,
825 3156 947 3235 'undique
958 3180 1005 3220 ae·

209 3262 267 3322 lum
280 3263 430 3336 spirantes;
455 3261 512 3317 sire
525 3259 698 3332 presbyteros
712 3257 868 3314 latentium
888 3255 1005 3313 chrisma

210 3350 395 3420 conicientes,
410 3361 493 3424 atque
507 3352 601 3407 alienae
612 3351 695 3409 sortis
708 3350 851 3423 episcopos
864 3347 899 3406 ad
910 3362 1006 3406 conse·

201 3445 327 3503 'mandas
339 3444 466 3502 basilicas
478 3442 660 3502 admiscentes
673 3440 771 3499 acriter
786 3440 926 3512 coarguit3
948 3439 1006 3497 sive

211 3540 333 3611 ipsorum
347 3536 485 3594 levitatem
499 3543 580 3607 atque
591 3534 746 3596 vecordiam
768 3532 935 3605 perstringit,
959 3531 1006 3603 qui

210 3630 420 3690 abominandam
434 3629 594 3688 Priscilliani
613 3616 741 3686 umesim‘
756 3626 924 3699 abjicientes,
948 3623 1007 3695 cius

211 3736 313 3781 nomen
327 3722 464 3781 bbnorare
482 3729 641 3795 pergerent3
663 3720 721 3779 siue
734 3716 797 3776 dum
815 3717 1006 3792 probatissimo

211 3817 373 3890 presbytero
384 3814 514 3872 Thuribio
528 3811 717 3871 alletoritatem
731 3828 807 3869 suam
820 3810 854 3867 arl
868 3811 926 3868 brec
935 3809 1007 3868 mala

212 3908 364 3967 coercenda
387 3905 541 3964 committit.
570 3903 691 3975 Denique
713 3911 815 3976 quanta
832 3900 1008 3959 veneratione

212 4001 398 4058 Romanorum
408 3999 566 4072 pontificum
574 3996 1009 4069 monitasuspeserit‚quantoqne

212 4092 304 4149 studio
315 4090 493 4148 conciliorum
506 4097 663 4146 sanctorum
677 4101 795 4144 canones
809 4084 947 4142 obseruari
960 4099 1009 4141 cu·

212 4184 324 4252 raverit,
349 4183 474 4254 exemplo
495 4181 547 4239 erit
559 4179 632 4252 quod
646 4195 681 4237 ex
700 4178 814 4250 epistola
824 4177 942 4235 monada
954 4192 1009 4232 non

212 4275 429 4350 improbabiliter
447 4274 616 4345 conjicimus,
638 4281 720 4361 atque
738 4272 819 4329 latius
839 4271 867 4328 in
888 4271 961 4328 notis
975 4270 1010 4327 ad

213 4386 275 4429 cam
288 4384 465 4443 exponemus.
476 4367 543 4425 Cum
553 4368 625 4424 enim
636 4366 744 4439 quidam
759 4366 896 4435 utorium
909 4365 1011 4423 electris

214 4476 248 4517 ae
260 4460 402 4517 ordinatus
415 4458 569 4531 episcopus,
579 4457 659 4514 Ceba
669 4455 880 4527 metropolitano
890 4453 1010 4510 Horitaoi

213 4552 423 4622 predecessore,
431 4547 757 4620 comprovincialibusqne
765 4545 897 4618 episcopis
907 4545 1008 4612 insciis,
1025 4548 1050 4609 Ι)

214 4639 364 4696 Ecclesiam
378 4637 546 4695 Palestinam
561 4637 714 4704 inuasisset,
727 4635 872 4695 Hontanus
885 4634 920 4691 ad
934 4634 1011 4690 Trile-

1050 1856 1143 1928 ptionc
1155 1852 1285 1910 Toletana
1298 1850 1408 1908 allallis
1417 1847 1487 1905 lacta
1498 1855 1561 1918 post
1571 1844 1711 1902 uictoriam
1724 1840 1758 1897 de
1769 1841 1845 1896 Anio·

1050 1944 1134 2002 larice
1149 1943 1232 2015 impio
1246 1942 1401 2012 crudelique
1415 1938 1554 1996 catholicae
1570 1934 1694 1993 Clutildis
1717 1940 1845 1989 curatore

1051 2044 1227 2109 reportatam.
1252 2034 1310 2103 Qun
1324 2050 1358 2090 ex
1371 2047 1402 2088 rc
1422 2046 1476 2087 non
1490 2039 1592 2087 temere
1606 2027 1758 2098 opinamur,
1783 2039 1845 2079 san·

1048 2128 1201 2206 ctissimum
1228 2125 1369 2197 presulem
1396 2138 1450 2180 nou
1475 2129 1530 2177 mm
1551 2120 1628 2176 secio
1651 2132 1731 2188 quam
1754 2114 1846 2171 dolore

1051 2223 1215 2290 conlectum,
1229 2235 1290 2276 cum
1304 2218 1415 2275 uidisset
1429 2215 1522 2274 urbem
1536 2220 1612 2269 tanta
1624 2209 1778 2268 calauritate
1796 2223 1848 2277 op-

1051 2327 1182 2386 pressam,
1197 2309 1345 2367 Ecclesiam
1365 2320 1493 2378 sponsam
1507 2316 1584 2361 suam
1598 2300 1672 2360 oanni
1684 2300 1741 2356 rita
1763 2298 1848 2355 cario·

1052 2420 1109 2461 rem
1124 2402 1202 2460 bonis
1215 2402 1271 2460 suis
1290 2400 1477 2472 exspoliatam,
1504 2411 1571 2453 uasa
1599 2410 1677 2453 sacra
1705 2405 1789 2464 usqne
1813 2390 1847 2445 ad

1052 2493 1192 2562 sexaginta
1199 2493 1322 2563 abrepta,
1331 2489 1437 2561 patinas
1446 2478 1611 2559 quindecim,
1622 2485 1751 2540 librorum
1761 2481 1848 2536 Eran-

1053 2583 1185 2656 qelinrum
1201 2582 1293 2639 thecas
1306 2580 1409 2650 viginti,
1434 2578 1524 2634 omnia
1539 2591 1573 2632 ex
1593 2589 1659 2630 auro
1674 2571 1848 2629 mundissimo

1049 2675 1170 2735 conflata
1184 2682 1266 2747 atquc
1280 2670 1481 2744 pretiosissimis
1498 2666 1611 2740 gemmis
1625 2672 1731 2731 ornata,
1755 2662 1848 2718 oculos

1054 2778 1129 2826 muta
1151 2767 1228 2826 clade
1239 2765 1401 2836 defatigatos
1420 2761 1564 2827 clausisse;
1588 2770 1703 2827 eamque
1716 2770 1773 2810 rem
1788 2769 1847 2809 om-

1056 2863 1129 2919 nium
1148 2856 1373 2917 luctuosissimam
1387 2862 1503 2912 mortem
1524 2852 1563 2908 illl
1587 2847 1773 2907 maturavissc.
1798 2844 1849 2899 Pro

1055 2950 1184 3011 coronide
1204 2949 1300 3007 damus
1320 2945 1403 3004 cerba
1426 2943 1456 3002 S.
1472 2941 1640 3014 ildephonsi,
1664 2939 1763 3013 quibus
1783 2936 1850 2993 tanti

1055 3044 1106 3100 riri
1117 3042 1233 3113 elogium
1247 3038 1392 3112 expressit,
1404 3034 1463 3093 Lib.
1479 3033 1515 3092 dc
1529 3032 1601 3090 Viris
1614 3031 1708 3093 illustr.
1725 3042 1785 3097 cap.
1797 3025 1823 3080 3.

1020 3160 1043 3225 G
1097 3132 1264 3189 ‹Hontanus
1284 3136 1348 3202 post
1366 3127 1475 3186 Celsum
1497 3125 1591 3198 primae
1611 3120 1684 3179 sedis
1708 3116 1851 3191 provincia

1058 3222 1227 3294 Carthaginis
1240 3218 1379 3278 Toletanis
1394 3215 1466 3273 urbis
1480 3212 1635 3272 cathedram
1651 3208 1737 3266 tenuit
1752 3207 1851 3262 :homa

1058 3325 1087 3374 et
1107 3316 1207 3371 uirtute
1230 3311 1340 3384 spiritus
1362 3308 1460 3375 nitens,
1485 3312 1514 3362 et
1537 3300 1637 3373 eloqrrii
1653 3295 1851 3371 opportunitate

1057 3406 1192 3471 decorus,
1213 3400 1334 3471 regimen
1357 3395 1470 3454 honoris
1492 3391 1638 3451 retentavit
1662 3403 1696 3446 ac
1718 3383 1851 3458 disposuit

968 3508 975 3521 ·
1057 3498 1191 3567 condigno
1204 3491 1362 3561 coelestique
1373 3489 1445 3560 jure,
1469 3486 1548 3545 simul
1570 3492 1598 3542 et
1619 3480 1724 3537 ordine.
1740 3477 1852 3547 Scripsit

1057 3587 1186 3661 epistolas
1199 3585 1266 3640 nona
1279 3579 1470 3638 muniones
1483 3564 1758 3641 ouunrnoaopnoa
1783 3582 1851 3624 oon-

1057 3679 1157 3745 lertas;
1171 3692 1187 3733 c
1200 3674 1390 3746 quibusmnam
1400 3669 1529 3727 Palantia
1541 3663 1750 3730 habitatoribus,
1761 3661 1789 3716 in
1798 3674 1851 3731 qua

1057 3771 1228 3844 presbyteros
1240 3763 1357 3821 chrisma
1378 3759 1524 3828 conticere,
1546 3756 1744 3827 episcoposque
1756 3749 1852 3804 alienae

1058 3859 1183 3919 dimensis
1192 3856 1303 3915 alterius
1317 3851 1445 3911 territorii
1457 3846 1592 3906 Ecclesiae
1604 3853 1774 3905 consecrare,
1796 3852 1854 3893 ma-

1059 3967 1112 4022 gna
1134 3947 1293 4023 perhibetur
1303 3942 1449 4017 probibere
1463 3937 1634 4001 auctoritate,
1647 3944 1785 3990 sanarum
1798 3928 1855 3983 Lit-

1059 4049 1178 4098 terarum
1198 4032 1361 4107 testimoniis
1379 4028 1517 4087 allirmans
1536 4026 1563 4083 io
1577 4025 1666 4096 ipsum
1682 4021 1739 4078 tlcri
1751 4018 1855 4091 penitus

1060 4146 1114 4186 nort
1129 4128 1221 4184 licere.
1232 4125 1375 4181 Amatores
1385 4134 1493 4192 quoqm
1503 4109 1678 4174 Priscillianus
1689 4118 1779 4177 seete,
1793 4109 1856 4166 licet

1059 4241 1113 4283 non
1128 4227 1308 4295 operarentur
1320 4218 1425 4284 eadem,
1442 4216 1506 4285 qun
1520 4223 1611 4272 tarum
1625 4211 1784 4269 memoriam
1798 4209 1856 4279 ejus

1060 4330 1154 4374 amore
1166 4315 1324 4381 retinerent,
1339 4310 1446 4369 abdicat
1465 4317 1494 4366 et
1519 4306 1675 4379 exprobrat,
1691 4317 1857 4362 commemo·

1059 4422 1133 4472 rans,
1154 4404 1226 4475 quod
1250 4403 1277 4460 in
1299 4401 1376 4459 libris
1389 4397 1537 4457 beatissimi
1552 4396 1675 4453 Thuribii
1689 4394 1810 4467 episcopi
1824 4396 1857 4453 ad

1062 4498 1181 4555 Leonem
1195 4511 1293 4569 papam
1306 4494 1405 4561 missis,
1421 4493 1515 4550 eadam
1529 4489 1758 4548 Priscilliauorum
1770 4485 1858 4540 baere-

1062 4588 1100 4644 sis
1106 4588 1224 4656 daneta,
1234 4585 1369 4650 conuicta,
1376 4591 1458 4654 atque
1468 4583 1598 4639 decenter
1605 4584 1714 4635 maneat
1724 4575 1857 4631 abdicata.

1063 4677 1150 4733 Aliam
1172 4691 1238 4734 nero
1251 4674 1395 4747 epistolam
1410 4673 1443 4728 ad
1458 4671 1617 4744 Tlmribium
1640 4667 1806 4737 religiosum,
1832 4665 1858 4722 in

214 4740 308 4787 11111111
321 4730 415 4787 “⁶⁰¹⁰
437 4739 557 4795 “mma
581 4738 686 4788 ”num
708 4728 755 4785 ‘¹5⁰
768 4727 928 4798 impunitum
950 4740 1010 4782 ⁰⁸⁸⁰
1062 4782 1115 4838 qua
1128 4763 1287 4823 collaudans
1299 4777 1371 4829 eum,
1387 4760 1460 4833 quod
1474 4760 1607 4817 culturam
1620 4753 1785 4812 destruxerit
1799 4753 1859 4809 ido·

214 4839 270 4879 000
284 4829 327 4879 001
338 4837 444 4894 01110111,
460 4836 549 4894 000110
557 4822 702 4880 1001101110]
713 4820 839 4893 [mim
848 4818 945 4876 ΝΜ
957 4833 1009 4890 ¹³⁰*
1063 4859 1163 4926 torum,
1175 4852 1358 4914 committitei
1367 4849 1543 4909 sacerdotalis
1558 4845 1750 4903 summitatem
1759 4842 1860 4913 rigoris

214 4919 347 5061 tffimuge
355 4920 450 5058 aarum
472 4912 681 5057 sanctrtlnoncrln
694 4911 794 5015 Hieram
809 4907 918 4966 decreta
931 4908 1010 4979 (turd-
1062 4964 1112 5022 W
1120 4945 1385 5020 quampmbym
1394 4941 1510 4999 chrisma
1521 4934 1665 5000 conam
1679 4942 1708 4990 et
1717 4932 1861 5004 episcopos

214 5020 233 5075 q
360 5022 368 5060 ¹
389 5019 467 5128 ‘frum
479 5018 569 5128 ’ωτι
581 5011 626 5061 ³²⁶
638 5008 801 5060 'emm’
1064 5039 1159 5094 alienae
1173 5036 1254 5094 sortis
1276 5034 1387 5090 alterins
1406 5027 1530 5087 uincens
1543 5024 1678 5082 Ecclesiae
1700 5007 1862 5079 consecrare

254 5115 319 5184 0010
333 5129 424 5218 001010
438 5112 705 5219 0001081001001001
726 5114 853 5172 10101010
873 5129 1012 5171 00011000·
1065 5140 1163 5198 magna
1180 5130 1335 5196 compescat
1356 5118 1518 5177 invectione.
1540 5114 1590 5173 llic
1611 5114 1653 5171 uir
1675 5111 1861 5181 antiquissima

215 5207 292 5271 0001,
317 5221 372 5278 11110
387 5204 537 5263 1011001001
557 5212 609 5273 ‘lh
630 5213 767 5275 0101001110
780 5205 850 5263 0000
868 5204 1012 5276 101080101-
1065 5214 1191 5286 llrlclique
1210 5212 1343 5269 relatione
1364 5214 1501 5272 namatur,
1523 5206 1558 5262 arl
1570 5200 1807 5275 exprobrationem
1822 5198 1861 5253 ln·

216 5311 303 5402 10010,
316 5310 443 5366 0110011110
453 5294 563 5351 pillum
576 5307 688 5351 00010111
700 5293 830 5352 (100111οῐ0
843 5294 880 5350 ita
890 5301 1011 5353 10000010
1065 5304 1153 5360 iamim
1168 5300 1260 5357 tandin
1275 5313 1376 5370 prunas
1386 5296 1506 5353 tenuisse
1517 5295 1543 5349 in
1557 5292 1721 5350 vestimento
1733 5285 1862 5344 ardentes

151 5462 156 5469 ,
215 5404 252 5443 ¹¹⁸
270 5387 438 5459 temporibus
459 5385 590 5454 0010ῑο00,
610 5401 671 5443 0010
684 5385 784 5441 Allata
798 5385 908 5443 baeretlt
926 5393 1012 5443 lolam
1067 5392 1155 5449 donec
1168 5404 1259 5446 coram
1273 5386 1346 5444 sedis
1358 5402 1413 5443 suan
1435 5398 1513 5441 sacro
1527 5381 1604 5439 altari
1616 5380 1699 5436 totius
1713 5379 1801 5433 missac
1814 5391 1861 5432 ce-

216 5477 275 5533 lere
289 5476 446 5549 Hispaniam
459 5486 648 5550 occupauerat,
673 5492 734 5534 curm
746 5476 842 5534 Gothis
854 5478 964 5548 regibus
986 5480 1013 5536 in
1066 5482 1217 5539 lebritatem
1231 5477 1463 5551 persemetipsum
1478 5473 1609 5546 expleret.
1635 5467 1755 5526 Peractis
1769 5475 1861 5522 autern

217 5570 319 5627 :brono
327 5570 492 5642 laetabunda
503 5568 661 5627 consedens.
670 5569 730 5642 lpse
740 5584 808 5625 uero
818 5583 872 5626 non
883 5568 910 5624 in
923 5568 1014 5642 aliquo
1065 5570 1239 5634 solemnibus,
1255 5581 1410 5640 necprunm
1423 5566 1522 5635 ignem,
1537 5577 1587 5618 nec
1600 5544 1683 5617 vestis
1696 5558 1805 5613 inuenta
1818 5564 1861 5612 est

218 5671 326 5720 remoto
339 5663 439 5734 annoto
453 5662 570 5728 latuerit,
589 5677 684 5719 rerum
699 5662 726 5719 in
740 5660 829 5718 uredia
842 5661 901 5733 ipsa
915 5661 1011 5736 Hispa·
1067 5662 1189 5719 amisisse
1202 5660 1338 5717 decorem.
1355 5657 1430 5713 Turre
1444 5655 1500 5710 boo
1515 5652 1608 5710 relatis
1620 5651 1768 5721 gratiarnm
1780 5647 1861 5703 actio

218 5753 267 5808 nia
289 5766 381 5809 eoram
402 5751 524 5826 principe
549 5752 695 5822 heretico,
724 5760 836 5823 totoque
864 5752 1014 5811 aulicorum
1067 5753 1155 5820 nibus,
1180 5767 1229 5823 per
1247 5751 1396 5824 simplicem
1412 5756 1536 5801 naturam
1557 5742 1625 5815 ignis
1639 5739 1762 5799 restricta
1778 5742 1861 5793 estet
