4152 6344
280 354 331 447 aar
613 330 617 336 '⁴
783 337 808 413 ι’.
827 348 1006 415 cumeurn
1041 352 1192 415 anscote
1211 355 1398 421 auscensis
1530 390 1532 399 ‹
1715 330 1718 337 ’
1846 360 1910 426 ιω

278 475 307 524 et
317 473 412 547 sancia
424 463 555 533 Ecclesia,
571 472 598 523 ut
620 475 780 537 agnoscatur
792 483 853 538 qun
867 470 901 525 sit
912 470 1010 525 domum
1022 470 1070 527 Dei
1083 473 1106 532 Α
1120 468 1162 526 lus
1172 471 1312 540 apostolus
1321 476 1360 531 sic
1374 474 1412 528 alt
1424 474 1436 528 ε’
1445 472 1529 529 Nobis
1543 482 1627 530 mnes
1641 480 1708 531 itnus
1718 485 1757 532 est
1772 476 1842 536 Deus
1857 480 1911 539 Ps-

279 558 446 628 condituris,
467 568 567 617 :eterne
579 558 674 615 ciuitas
696 557 883 630 Redemptoris
898 578 905 614 ε
918 562 977 617 sine
990 561 1068 630 cujus
1117 565 1174 623 ier,
1189 576 1222 615 sn
1241 577 1291 633 pito
1310 563 1414 625 omniu,
1429 572 1455 617 et
1468 579 1516 618 nus
1528 564 1556 618 in
1574 566 1648 636 ipsu:
1661 566 1688 620 el
1701 582 1770 623 uass
1785 569 1911 629 nomm

279 647 409 703 societate
432 655 512 717 atque
535 648 638 705 unnate
662 648 784 707 remissio
816 658 988 719 peecatorum
1012 666 1066 707 nun
1117 646 1477 722 dementissimum
1496 654 1595 719 omnm,
1618 662 1700 711 stans
1718 670 1765 726 per
1781 657 1867 725 nasse
1881 661 1910 728 (l

280 737 444 807 acquiritur,
467 748 495 794 et
517 755 566 817 per
592 740 816 796 resurrectionem
838 741 927 817 caruis
953 756 1019 795 non·
1033 740 1067 797 ad
1117 736 1178 793 Cor.
1192 737 1300 809 urm-6).
1313 736 1495 797 lltsieutDeo
1509 739 1582 797 Patri
1595 742 1910 815 nonademitjurarern

237 904 239 908 ,
278 826 386 884 aeterne
399 827 460 884 vita
473 827 568 897 niudis
580 870 588 896 ‚
603 829 652 886 sed
664 829 698 885 ad
710 837 820 885 aterum
830 830 924 886 mortis
936 830 1067 902 supplicia
1118 828 1319 894 luminationis.
1332 830 1372 886 sic
1383 845 1433 886 nec
1442 829 1557 887 Domino
1569 830 1838 903 Filioassnnseerens·
1849 838 1909 891 uai-

213 906 216 917 '
278 917 440 989 pervenitur.
461 916 577 974 Proinde
590 918 627 974 illl
641 927 763 974 mucium
776 904 932 992 Symbolum
945 921 1065 991 prodest,
1090 968 1094 977 ,
1117 926 1199 975 tatem
1214 919 1373 976 subtrahero
1386 920 1504 977 deitatis.
1531 921 1618 979 Duum
1645 925 1718 979 enim
1741 926 1821 982 nubis
1845 927 1908 983 licet

278 1005 323 1073 qui
347 1003 454 1062 Patrem
477 1013 506 1062 et
528 1006 623 1063 Filium
643 1016 670 1065 et
689 1007 816 1078 Spiritum
838 1008 960 1066 sunctum
983 1026 1065 1067 uuum
1115 1009 1199 1067 Deum
1222 1027 1359 1081 unumque
1385 1013 1679 1072 Domitiumenulltori.
1695 1015 1755 1073 llna
1774 1033 1817 1075 est
1834 1019 1909 1076 uim

277 1094 361 1159 mum
375 1097 533 1153 naturaliter
545 1098 651 1155 credit:
667 1100 724 1170 ipse
737 1099 809 1155 enlm
822 1101 1006 1159 remissionem
1017 1086 1067 1159 ac·
1115 1098 1264 1159 dominatio
1285 1102 1366 1158 unius
1388 1101 1554 1167 diuinitatis,
1576 1113 1605 1161 et
1619 1121 1672 1161 nna
1686 1106 1812 1165 dinuitss
1828 1110 1910 1165 anius

243 1231 245 1235 ,
277 1187 350 1257 cepit
363 1198 555 1259 peecatorum,
571 1199 599 1246 et
615 1207 663 1262 per
676 1192 899 1249 resurrectionem
914 1193 991 1249 istius
1003 1209 1064 1251 car-
1106 1189 1319 1258 dominationis,
1339 1192 1419 1249 etsie
1432 1201 1624 1263 praternnun
1639 1195 1781 1253 Dominum
1794 1212 1850 1253 non
1863 1209 1908 1259 sat

276 1276 358 1332 uisin
372 1280 764 1348 quanoucbeneuirit,ritam
775 1281 1067 1339 mternamainedubio
1115 1279 1185 1336 alius
1209 1280 1357 1348 Dominus,
1377 1282 1446 1339 sieut
1459 1292 1560 1354 prater
1581 1300 1663 1341 urruns
1689 1285 1774 1345 Deum
1797 1302 1853 1344 nun
1867 1298 1910 1345 est

277 1365 440 1437 possidebit;
464 1382 520 1423 non
538 1376 629 1424 antem
643 1369 828 1437 siccredipms
841 1370 869 1426 in
882 1370 1065 1427 remissionem
1115 1370 1184 1427 alius
1197 1371 1277 1427 Deos.
1294 1370 1378 1429 Unius
1397 1387 1463 1444 ergo
1483 1375 1530 1433 Dei
1552 1391 1603 1431 una
1627 1375 1776 1450 deminutio
1798 1378 1827 1433 in
1854 1393 1908 1434 unu

276 1465 461 1527 peccatorum,
481 1459 508 1513 iu
530 1460 619 1527 carnis
640 1459 865 1516 resurrectionem
886 1467 915 1516 et
937 1461 963 1516 in
983 1461 1065 1516 uitam
1116 1460 1175 1537 ejus
1187 1461 1328 1519 diuinitate
1347 1464 1534 1533 eognoscitnm
1553 1466 1671 1521 etunius
1683 1465 1788 1535 Dnmim
1801 1481 1854 1523 una
1866 1466 1910 1523 di-

275 1550 490 1614 nternam,sicut
503 1550 672 1605 credimusin
683 1549 811 1621 Spiritum
820 1550 1066 1607 sanctum.Dlscre·
1115 1552 1214 1608 vinitas
1226 1553 1253 1608 ln
1270 1569 1323 1608 unu
1347 1554 1406 1624 uirus
1425 1555 1609 1611 dominatione
1631 1557 1790 1615 naturaliter
1801 1558 1908 1614 iuveni-

276 1639 351 1697 tinne
364 1641 462 1710 qnippe
476 1639 610 1709 largitoris
633 1641 816 1712 largitatisque
835 1648 951 1705 seruata,
966 1640 993 1695 in
1012 1638 1066 1696 Pa·
1117 1646 1170 1693 tur.
1182 1636 1284 1694 Praeter
1300 1655 1383 1695 unum
1400 1639 1487 1696 Mum
1500 1640 1607 1698 Patrem
1622 1658 1676 1698 non
1689 1651 1732 1698 est
1743 1630 1813 1701 alins
1826 1645 1907 1711 Deus,

276 1739 345 1801 trem
358 1738 386 1788 et
399 1732 426 1786 in
441 1731 537 1787 lilium
550 1732 619 1789 etin
631 1731 759 1803 Spiritum
773 1741 896 1789 sanetum
908 1731 1064 1788 eredimus:
1116 1735 1146 1782 et
1159 1736 1257 1796 praeter
1271 1743 1353 1791 unum
1377 1727 1520 1786 Dominum
1541 1729 1632 1786 lesum
1650 1720 1786 1788 sermon
1799 1748 1854 1789 non
1867 1743 1909 1795 sat

277 1822 461 1879 tentissionenr
478 1837 543 1878 vcro
563 1830 756 1891 peccatorum,
777 1821 866 1878 earnis
887 1821 1107 1883 resurrectio-*B
1117 1815 1247 1874 Dominus
1266 1819 1347 1875 olins.
1371 1819 1425 1875 Sed
1446 1836 1497 1876 nee
1511 1821 1581 1879 Deus
1591 1821 1673 1878 Pater
1689 1824 1748 1879 sine
1768 1823 1827 1880 Deo
1840 1812 1908 1888 Filio

276 1925 354 1979 nem,
368 1919 396 1967 et
410 1912 492 1966 ritant
510 1919 653 1976 aeternnm,
669 1927 685 1967 a
700 1912 779 1969 Patre
797 1918 826 1966 et
843 1910 911 1965 Filio
925 1919 952 1965 et
964 1910 1065 1980 Spiritu
1115 1922 1185 1963 ninus
1198 1919 1241 1965 est
1253 1907 1334 1975 Deus,
1356 1924 1406 1965 nec
1424 1909 1553 1966 Dominus
1571 1908 1695 1967 cbristus
1708 1912 1768 1968 sine
1791 1912 1908 1971 nonno

274 2009 369 2057 sancto
381 2000 468 2055 danda
483 2001 562 2056 nobis
574 2000 706 2057 credimus
719 2008 747 2056 et
757 2016 907 2071 speramus.
928 2000 994 2055 Nam
1009 2001 1066 2071 ipsc
1115 1997 1198 2055 Patre
1213 2015 1282 2055 nnus
1301 2008 1344 2056 est
1363 2000 1501 2061 Dominus.
1518 2001 1672 2069 QuiaDeus
1683 2000 1765 2059 Pater
1777 2012 1805 2059 et
1817 2003 1907 2061 Domi·

274 2087 399 2145 Salvator
411 2098 511 2155 nesnr,
524 2088 550 2143 in
564 2104 619 2160 qno
632 2088 710 2144 nobis
722 2086 886 2144 eredendum
899 2088 943 2154 sit,
954 2087 1065 2145 criden·
1116 2104 1168 2146 nus
1187 2087 1266 2145 lesus
1289 2080 1414 2146 Christus
1433 2092 1593 2148 naturaliter
1603 2090 1685 2150 'nnus
1710 2102 1752 2151 cst
1777 2095 1908 2153 Dominus
1967 2113 1970 2118 ·

250 2186 257 2207 ·
275 2186 316 2234 ter
325 2177 451 2245 ostendit,
464 2179 557 2235 dicens
569 2177 706 2249 discipulis
718 2178 775 2235 suis
791 2196 797 2232 :
815 2176 866 2248 lte,
880 2178 967 2234 docete
977 2195 1066 2234 omnes
1114 2180 1209 2237 Dens:
1230 2181 1423 2251 plenitudinem
1444 2182 1559 2251 deitatis,
1574 2183 1732 2239 naturaliter
1751 2184 1854 2243 babens
1875 2188 1903 2245 ia

274 2280 379 2343 pentes,
401 2270 562 2341 baptizantes
579 2287 623 2349 ees
635 2270 664 2324 s‘n
678 2268 781 2324 nomine
800 2267 899 2337 Putris,
915 2279 940 2324 et
953 2267 1028 2338 Filii,
1042 2279 1067 2325 et
1114 2272 1282 2343 pleniiutflne
1294 2272 1495 2340 dominationis,
1505 2282 1533 2329 ei
1543 2273 1735 2345 plenitudinem
1743 2275 1907 2333 donnatio-

274 2357 396 2429 Spiritus.
410 2360 493 2435 suncti
516 2356 624 2429 (linitis.
641 2374 734 2427 sarrit,
747 2358 803 2430 ta).
828 2358 857 2413 ln
872 2356 951 2413 Patre
965 2366 1065 2426 numm,
1115 2362 1157 2417 nis
1182 2359 1286 2416 babens
1311 2361 1339 2416 in
1366 2360 1531 2435 plenitudine
1557 2362 1674 2418 deitatis.
1695 2362 1760 2419 lndc
1772 2370 1813 2419 est
1828 2367 1903 2434 quod

177 2450 183 2464 ⁸
275 2456 305 2504 ot
326 2447 405 2518 Filio,
423 2457 452 2504 et
469 2447 571 2521 Spiritu
593 2456 706 2514 sanem,
731 2462 907 2519 personarunt
930 2446 979 2501 luit
999 2446 1065 2503 insi·
1114 2445 1404 2505 beutnsDariddicit:
1421 2448 1485 2514 Quis
1501 2448 1570 2505 Dens
1587 2449 1911 2521 praetermisissemus

273 2536 379 2595 uuanda
392 2538 557 2609 proprietas,
579 2554 613 2592 ne
627 2536 653 2592 ln
678 2536 809 2593 Trinitate
822 2537 889 2606 Deo,
904 2537 931 2592 in
944 2551 999 2607 qno
1012 2552 1065 2593 una
1114 2540 1170 2611 quis
1187 2540 1255 2595 Deus
1268 2550 1363 2611 preater
1376 2539 1459 2596 Deum
1472 2551 1589 2597 nostruin
1600 2540 1684 2612 (Paul.
1698 2556 1760 2607 urar,
1772 2540 1838 2613 dil?
1853 2541 1906 2601 Te·

274 2634 368 2683 natura
391 2627 568 2683 saluberrime
590 2625 729 2693 creditur,
751 2642 804 2682 tuna
822 2641 930 2696 qnoque
951 2641 1065 2697 persona
1118 2645 1168 2686 nor
1182 2630 1264 2700 igitur
1274 2630 1395 2703 Symboli
1405 2631 1435 2686 iu
1445 2629 1560 2686 Patreet
1571 2630 1640 2685 lilio
1652 2629 1908 2689 unitatem-deitatis
2007 2666 2012 2673 ·

273 2718 499 2791 perniciosissime
516 2717 682 2775 crederetur.
705 2717 788 2774 llirnr
800 2726 889 2773 antem
904 2726 930 2774 te
944 2716 1067 2774 codllteri
1114 2721 1350 2781 adnominationis
1363 2721 1621 2790 caementorum
1644 2730 1673 2809 et
1691 2720 1810 2787 lstnn,
1825 2737 1912 2793 quem

275 2811 338 2884 quio
348 2810 383 2869 de
393 2811 448 2869 Deo
460 2811 607 2871 nibilaliud
618 2812 690 2868 nasci
702 2819 806 2882 poteret
815 2812 866 2867 uisi
877 2812 961 2880 nense
970 2820 1000 2867 et
1012 2827 1067 2867 nou
1115 2811 1199 2869 Derim
1213 2812 1290 2893 dixit,
1304 2827 1358 2870 non
1373 2812 1444 2869 aliud
1453 2826 1537 2882 quiam
1547 2810 1688 2899 ὓοιιιιιιιιιιι
1697 2818 1749 2881 pet
1758 2808 1909 2881 censum,

275 2900 434 2969 attendere,
454 2902 481 2957 in
502 2902 558 2974 ipsu
579 2910 674 2959 nutura
692 2909 722 2958 ct
734 2903 842 2959 nomine
853 2902 903 2959 Dei
917 2903 1006 2958 omniu
1021 2903 1065 2963 illa
1115 2915 1194 2972 quem
1210 2900 1352 2957 Dominum
1374 2900 1463 2964 dixit,
1479 2915 1534 2956 non
1547 2898 1619 2955 aliud
1632 2913 1714 2969 quam
1733 2898 1819 2953 Deum
1834 2907 1908 2956 recta

274 3006 336 3062 qum
347 2986 381 3047 de
395 2991 451 3047 Deo
473 2990 553 3047 Putre
566 2992 637 3049 dictu
657 2999 719 3048 sunl
740 2993 882 3049 contineri.
906 2992 935 3048 Si
947 2993 1019 3049 enim
1031 2992 1066 3049 de
1115 2989 1287 3047 credentibus
1302 2989 1445 3045 intimarin
1459 2988 1498 3044 Do
1509 3002 1565 3045 uno
1578 2988 1650 3043 enisa
1665 2987 1721 3044 Deo
1731 2989 1818 3060 658
1828 2985 1909 3045 Patro
1935 3008 1939 3013 ·
2051 2948 2052 3005 ἶ

274 3081 331 3139 Deo
340 3081 406 3137 nibil
418 3081 490 3138 alind
503 3083 577 3139 nasci
589 3090 696 3154 poterat
709 3083 760 3139 nisi
770 3084 851 3152 Deus,
861 3083 1065 3156 nuqnedeDeo
1115 3088 1195 3136 natus
1209 3096 1277 3136 unus
1296 3080 1368 3137 Deus
1385 3078 1462 3145 lesus
1482 3078 1626 3151 chrisma,-
1641 3094 1695 3135 noa
1719 3079 1794 3135 aiud
1821 3082 1909 3151 potuit

274 3171 458 3241 omnipotente
472 3171 537 3227 nihil
551 3173 622 3228 uliud
643 3173 716 3230 nasci
729 3182 835 3245 poterat
854 3176 906 3232 nisi
919 3176 991 3232 Deus
1007 3190 1065 3231 om·
1079 3174 1101 3237 C
1117 3169 1190 3225 nasci
1199 3184 1280 3240 quam
1291 3167 1364 3225 Dens
1379 3187 1386 3221 z
1400 3169 1447 3241 qui
1459 3176 1548 3225 tamen
1566 3183 1644 3242 unns*
1654 3165 1787 3224 Dominus
1799 3177 1909 3227 natura·

274 3264 417 3334 rimeris.
432 3263 467 3320 oe
480 3262 535 3320 uuo
556 3265 740 3321 norvenorum
759 3274 883 3322 creanti
904 3266 970 3321 nina
989 3267 1063 3323 nasci
1115 3257 1177 3313 liter
1190 3265 1338 3326 nonesset.
1353 3252 1515 3317 nisinun
1528 3254 1911 3336 montinniacum

227 3407 231 3414 ,
273 3360 380 3426 poterut
394 3351 444 3409 nisi
458 3350 529 3409 Deus
541 3354 727 3410 ranincrsorum
740 3361 857 3421 eruatur,
872 3353 906 3410 dc
920 3354 976 3411 Deo
990 3353 1064 3424 Repe
1085 3422 1088 3427 .
1114 3348 1205 3417 itaque
1218 3347 1300 3416 Deus,
1316 3348 1363 3418 qui
1374 3348 1516 3404 Dumium
1529 3349 1634 3418 genuit,
1643 3352 1726 3403 verns
1734 3350 1910 3418 cognoscier

273 3443 429 3499 iaculorum
440 3443 507 3498 nibil
519 3443 589 3501 alind
604 3443 676 3499 nasci
691 3448 797 3514 poterat
810 3443 861 3499 nisi
884 3442 941 3500 lieu
952 3445 1064 3501 meule-
1113 3435 1259 3504 Dtifflimffii
1272 3444 1300 3494 02
1314 3436 1436 3494 chifilim
1445 3438 1575 3495 Minis
1585 3437 1620 3493 ὅθ
1629 3438 1687 3494 ⁰0⁰
1697 3439 1810 3508 Sillim.
1824 3453 1910 3497 lew

193 3601 197 3609 .
272 3543 352 3598 rurn,
367 3531 401 3588 ts
414 3533 471 3589 neo
485 3533 793 3591 tumorubnnuunu
807 3532 998 3604 inciperent
1012 3534 1062 3591 nist
1113 3527 1284 3597 cognoscum
1295 3525 1380 3593 beon
1396 3537 1424 3584 et
1437 3526 1554 3600 Spiritus
1567 3526 1909 3601 sancumnnusiceuqus

272 3616 344 3675 Deus
358 3618 526 3689 immortalis,
541 3621 575 3677 de
587 3620 643 3676 Deo
656 3620 780 3677 invisibili
794 3618 859 3676 nibil
870 3621 943 3679 nasci
957 3630 1064 3694 poterat
1113 3617 1201 3683 Patris
1215 3627 1243 3675 et
1261 3617 1321 3673 Filii
1336 3617 1452 3690 Spiritus
1463 3619 1555 3690 ‚unia
1570 3618 1651 3679 nnius
1671 3625 1774 3679 naturas
1790 3625 1908 3676 osteum

272 3707 323 3763 nisi
338 3708 408 3765 Deus
421 3710 569 3766 inuisibilis.
590 3709 722 3777 Quoniam
734 3723 798 3779 ergo
812 3709 846 3765 de
860 3709 916 3765 Deo
930 3718 1008 3765 nutris
1021 3719 1065 3767 cst
1114 3707 1195 3766 Patre
1207 3718 1235 3775 et
1249 3694 1431 3779 Dilimnia
1444 3719 1486 3767 est
1497 3709 1627 3785 Dominus
1640 3709 1722 3766 Dens.
1738 3697 1796 3766 Dua
1807 3710 1915 3782 quippe

272 3795 361 3863 Deua.
375 3799 409 3856 de
423 3799 503 3857 Putre
519 3801 599 3873 657
614 3800 716 3868 Filius,
730 3801 765 3857 de
778 3800 963 3872 omnipotente
974 3802 1062 3857 omni-
1112 3801 1151 3857 illi
1166 3809 1209 3859 est
1219 3802 1445 3858 natumlitereum
1455 3799 1570 3877 Demim
1581 3800 1637 3859 Deo
1648 3799 1739 3866 Patre,
1750 3808 1780 3854 et
1792 3799 1912 3857 Domino

273 3898 386 3959 potens,
406 3889 441 3947 tle
454 3892 639 3949 uniuersorum
652 3902 775 3948 creatore
789 3891 973 3947 universorum
987 3906 1062 3948 crea·
1111 3891 1168 3976 Deo
1180 3892 1268 3959 Filio,
1284 3900 1312 3948 ct
1325 3891 1412 3948 deitas
1425 3907 1497 3948 verse
1511 3890 1908 3957 nominationis‚.etrcrscdo·
1971 3904 1981 3919 ·

172 3976 180 3985 ‘
273 3986 325 4046 tor,
339 3979 374 4037 de
386 3980 458 4052 liene
470 3982 635 4039 soculorum
643 3981 701 4038 lies
714 3981 940 4048 seculorum'de
953 3982 1062 4039 immor·
1111 3984 1223 4041 minatio
1237 3983 1356 4041 deitatis.
1371 3982 1440 4049 ilinc
1450 3990 1492 4040 est
1505 3981 1578 4053 quod
1591 3979 1907 4052 unusquisquecatbeii·

214 4066 222 4079 ’
273 4070 318 4125 tali
330 4071 496 4139 immertalis,
508 4072 542 4128 de
552 4073 676 4129 invisibili
689 4073 919 4144 invisibilis‚quid
928 4074 1059 4144 reliquum
1110 4091 1159 4132 cus
1180 4072 1367 4140 christianus,
1397 4087 1459 4129 cum
1484 4072 1567 4128 luerit
1589 4071 1788 4142 interrogatus,
1817 4079 1908 4137 utrnua

272 4168 315 4216 cst
328 4160 380 4216 nisi
392 4169 422 4216 ut
435 4159 507 4217 Patri
517 4161 600 4218 Filius
613 4163 760 4234 peremnia
771 4163 896 4219 credatur
907 4164 1034 4234 aquaist
1110 4164 1182 4221 Deus
1204 4163 1285 4220 l'atcr
1304 4162 1436 4219 Dominus
1457 4162 1507 4229 sit,
1530 4171 1558 4218 et
1576 4170 1666 4218 utrum
1685 4159 1817 4217 Dominus
1830 4159 1912 4219 lestis

469 4270 707 4329 ppppppppup
726 4271 856 4328 xmp
1037 4313 1044 4319 ,
1110 4253 1232 4309 Christus
1254 4252 1326 4309 Deos
1337 4252 1394 4319 sit,
1410 4260 1553 4329 utrumque
1572 4251 1640 4307 sins·
1652 4250 1734 4306 dubio
1748 4249 1910 4319 conflictum

273 4339 354 4396 Priuer
366 4356 423 4396 sere
434 4339 563 4397 Dominus
575 4352 623 4408 est,
637 4352 662 4397 et
676 4342 794 4407 Uiriatus
807 4359 864 4398 uere
877 4341 959 4412 Deus,
969 4353 993 4399 et
1008 4355 1060 4399 retu
1110 4358 1162 4399 nee
1176 4349 1266 4398 nmen
1275 4341 1392 4398 dneruim
1404 4340 1527 4408 deornm,
1541 4348 1588 4395 ant
1597 4339 1711 4395 duorum
1720 4337 1907 4405 dominamus.

305 4408 1061 4553 &mmmmm‘paug-maemsscziffigm
1111 4432 1158 4489 sed
1172 4432 1252 4488 unius
1261 4430 1367 4488 Dourird
1379 4431 1428 4487 Del
1441 4430 1599 4501 praedicator
1611 4428 1904 4530 veridicusinreaitur.

306 4552 334 4604 ω
354 4550 409 4606 ,01⁰
428 4551 523 4607 Gan-„5
537 4553 641 4607 mim
658 4553 804 4621 „mm
813 4553 853 4608 A„
869 4524 949 4609 mh
962 4551 1060 4623 bamb,
1078 4516 1183 4591 DQuid
1196 4524 1268 4579 enim
1287 4528 1372 4578 restat
1385 4521 1424 4577 illi
1437 4520 1481 4577 eui
1494 4518 1562 4575 duos
1575 4517 1658 4588 deos,
1673 4524 1720 4573 aut
1731 4516 1801 4574 dnos
1814 4517 1907 4572 domu-

307 4622 400 4675 rrrusin
412 4620 592 4676 nominetur
607 4620 711 4677 Cltristi.
970 4664 975 4674 .
1116 4628 1165 4669 nos
1178 4612 1326 4684 prtedicare
1339 4626 1394 4668 uon
1408 4610 1489 4675 licei.
1506 4609 1557 4664 nisi
1572 4616 1606 4664 ul
1616 4607 1806 4676 inundantia,
1822 4603 1912 4663 mum

307 4708 398 4782 Neque
419 4712 491 4768 enim
514 4711 634 4785 Symbnli
653 4720 731 4770 tenor
744 4713 795 4770 soli
810 4712 884 4769 Patri
900 4713 991 4769 pipini
1006 4712 1062 4768 dei.
1115 4703 1222 4760 latren
1235 4711 1264 4760 et
1277 4702 1419 4759 Dominum
1437 4699 1575 4756 Christum
1588 4714 1671 4756 unum
1681 4698 1826 4754 &minum
1839 4713 1912 4755 onus·

271 4808 365 4872 aarum,
377 4800 425 4857 scd
445 4801 471 4857 in
488 4800 544 4857 Deo
566 4799 646 4857 Patre
665 4801 815 4858 naturalem
835 4799 937 4865 Filiiet
946 4799 1062 4871 Spiritus
1114 4794 1222 4861 iterim
1245 4791 1411 4863 intrepidusi
1434 4804 1485 4847 nec
1504 4789 1578 4846 aliud
1592 4787 1862 4859 abnuerespoudeat
1875 4788 1913 4845 do

271 4892 357 4948 sancti
379 4889 496 4946 ostendit
518 4892 669 4960 originem:
696 4891 724 4948 in
751 4907 804 4965 qno
829 4891 921 4961 utique
946 4890 1062 4947 demon·
1113 4884 1214 4954 Spiritu
1232 4886 1338 4950 iuncto,
1366 4881 1430 4952 quia
1454 4894 1523 4937 unns
1544 4886 1586 4933 est
1608 4876 1738 4933 Dominus
1754 4875 1827 4932 Deus
1844 4891 1912 4931 enm

271 4979 379 5057 stranda
393 4988 451 5037 erat
464 4980 591 5037 diuinitas
603 4997 668 5039 rere
678 4998 727 5054 per
737 4983 940 5055 omnipotentiae
952 4997 1062 5051 nomen,
1115 4973 1194 5031 luere
1207 4984 1235 5030 et
1249 4972 1338 5038 Filii,
1353 4972 1399 5042 qni
1412 4985 1482 5027 ”¹¹¹¹ss
1494 4977 1537 5026 ²⁸⁸
1550 4967 1667 5038 SDiliius
1679 4964 1768 5021 9²1*ss
1780 4972 1809 5021 ⁰³
1828 4964 1914 5020 ffiffi?

270 5071 334 5141 qnia
349 5070 420 5127 Deus
434 5087 487 5127 non
502 5078 585 5137 esset,
600 5072 623 5128 si
635 5072 807 5143 omnipotens
820 5086 875 5127 non
890 5056 984 5127 luisset
996 5087 1007 5123 s
1019 5069 1063 5127 de·
1114 5063 1191 5132 Quod
1208 5063 1329 5135 quisquis
1342 5076 1434 5117 rerum
1448 5074 1508 5116 esse
1521 5067 1568 5114 ant
1577 5065 1658 5127 neum
1668 5064 1714 5112 aut
1726 5055 1844 5121 dubitat,
1856 5069 1913 5111 ne·

272 5164 445 5220 inonstrantla
461 5171 519 5219 erat
535 5167 615 5222 etiam
629 5178 690 5219 uera
704 5146 842 5233 generatio
855 5162 1063 5233 nominepater-
1113 5169 1189 5211 cesse
1202 5161 1244 5210 est
1256 5161 1287 5209 nt
1297 5159 1343 5208 aut
1355 5150 1522 5213 solum-dieat
1531 5147 1675 5205 colendum
1690 5146 1775 5202 mum
1786 5142 1912 5213 Panem,

271 5255 380 5323 nitatis,
406 5248 436 5309 ut
458 5253 546 5310 Patris
567 5263 595 5311 et
608 5253 668 5309 Filii
683 5268 746 5310 uere
759 5253 954 5323 significaretur
966 5260 1066 5307 natura
1107 5252 1159 5317 ,ant
1173 5247 1289 5315 seipsum
1303 5241 1462 5313 proliteatnr
1476 5235 1913 5321 creatoris-creaturaequecnlto-

270 5346 431 5405 cotnrnunis.
448 5344 482 5401 Et
494 5346 557 5416 quia
581 5345 637 5401 Deo
656 5344 786 5415 competit
799 5341 958 5398 naturaliter
972 5340 1062 5397 Domi
1112 5350 1179 5392 rent.
1193 5333 1246 5391 Sed
1259 5333 1325 5388 lidcs
1334 5330 1486 5387 Christiana
1499 5329 1560 5385 ideo
1570 5342 1651 5383 unum
1666 5326 1809 5381 Dominum
1820 5323 1913 5381 Deum

271 5452 334 5493 nunt
345 5450 404 5494 esse
418 5436 537 5494 oninium
558 5450 662 5499 rerum3
674 5432 701 5489 in
714 5449 747 5490 co
761 5433 834 5505 quod
849 5441 926 5488 tenor
939 5429 1059 5507 Symboli
1111 5423 1242 5497 predicat
1262 5422 1370 5477 Patrem
1396 5427 1425 5477 et
1447 5418 1543 5491 sitnm
1558 5425 1586 5474 et
1605 5416 1734 5487 Spiritum
1757 5423 1914 5484 sanctum,

270 5524 404 5584 Christum
432 5527 499 5582 dixit
525 5526 682 5591 Morinum,
706 5522 840 5581 veraciter
862 5521 1007 5581 insinuavit
1032 5526 1063 5576 et
1111 5514 1237 5585 unisone
1250 5512 1318 5567 uiuos
1332 5509 1373 5565 rel
1390 5518 1445 5565 tres
1463 5507 1647 5564 dominosaut
1665 5503 1914 5561 deoslaseslere-

271 5613 363 5670 Dcum.
388 5608 529 5687 Proprium
551 5614 651 5686 quippe
664 5600 751 5668 est‘ac
765 5609 963 5666 naturalevero
984 5608 1057 5671 Deo„
1110 5603 1184 5669 dere,
1213 5616 1263 5658 rice
1288 5607 1438 5657 ereaturam
1460 5612 1521 5653 cum
1548 5596 1676 5653 erectore
1696 5593 1760 5649 licet
1779 5593 1920 5662 emanans

272 5720 325 5761 reon
339 5704 410 5759 uliud
423 5718 483 5759 esse
492 5718 571 5774 quam
582 5700 741 5769 Dominum3
754 5682 992 5763 etreroDominm'
1005 5711 1058 5751 non
1110 5690 1210 5756 colere,
1225 5696 1276 5746 nec
1284 5690 1343 5745 sine
1351 5688 1454 5749 cultura
1465 5687 1526 5744 Filii
1537 5695 1584 5743 aut
1592 5684 1708 5756 Spiritus
1720 5681 1914 5763 sanetipotest

273 5794 343 5850 alirn
356 5805 415 5849 esse
432 5806 511 5862 quam
525 5792 618 5847 Donni.
634 5791 697 5848 lade
711 5789 835 5859 estquod
847 5798 874 5846 ot
885 5790 979 5848 beatus
991 5786 1060 5844 Pau·
1111 5781 1182 5840 tides·
1195 5780 1352 5838 Cluristiann
1371 5787 1507 5861 constare.
1523 5777 1654 5836 Unus-est
1666 5775 1747 5846 ipitnr
1764 5773 1836 5828 Dans
1846 5813 1862 5837 ,
1880 5780 1914 5826 et
