4056 6356
77 354 83 363 ’
128 386 177 451 ιιι
773 391 817 451 as
835 387 913 451 rtur
932 386 1035 449 uera
1054 387 1154 449 unes.
1717 390 1768 448 tos

128 505 232 585 inante
238 502 341 584 sertim
350 508 432 579 cipue
442 503 552 563 obedire
562 520 569 558 r
581 517 637 574 ouo
647 502 760 561 annno
769 504 854 561 etum
863 518 923 575 poe
934 504 963 569 A
974 502 1092 559 adventu
1107 501 1214 558 Domini
1228 504 1346 559 tntmam
1358 515 1418 558 esse
1431 512 1621 568 communem
1643 503 1764 558 retribu-

125 606 202 664 ιω),
213 597 239 655 si
249 596 368 665 vellem,
385 596 498 671 proprie
510 596 650 653 voluntate
663 610 799 671 pecearo;
820 609 921 665 eosque
972 592 1074 648 tionem
1086 608 1150 649 vero
1158 592 1269 663 justitia
1280 591 1327 648 liei
1340 606 1399 649 esse
1411 592 1488 649 bouis
1502 593 1634 662 malisque
1647 593 1764 649 dissimi-

123 703 182 749 ιω
192 689 366 763 amaenitate,
382 688 698 763 sedproprlaroluntate
708 701 849 761 peccarem
861 687 922 744 illo-
971 683 1025 741 mur
1039 702 1046 738 ι
1060 684 1208 741 secundum
1227 684 1299 755 quod
1314 684 1460 755 Apostolus
1480 685 1518 739 ait
1536 686 1599 756 qnia
1614 701 1703 740 omnes
1716 681 1770 740 rel

125 794 180 852 que
194 788 308 851 peccato
318 780 357 835 sic
370 779 399 834 in
409 778 528 836 deterius
538 786 670 837 neutum
684 779 828 837 humum
840 785 921 835 natu·
972 792 1118 848 turpentur,
1128 776 1174 833 scd
1185 793 1238 832 noa
1248 793 1338 835 omnes
1345 776 1536 833 immutabimur
1545 776 1574 848 (l
1579 775 1639 834 Cor.
1654 793 1697 845 tv,
1710 775 1766 849 51).

123 883 194 937 ms
207 876 307 945 tilmon
317 869 404 943 solinu
415 869 519 943 inipsis
529 869 786 943 pntbboanntonr
796 883 846 939 pur
854 883 919 941 pec·
972 868 1191 924 immutabuntur
1205 878 1296 927 autem
1304 868 1382 939 justi,
1398 868 1444 940 qui
1458 868 1572 925 ibuntio
1588 869 1670 923 uitam
1688 877 1768 925 mter-

121 967 215 1019 cetum
228 975 303 1017 mors
316 959 452 1017 obtineret
468 974 593 1031 reguum,
614 959 663 1017 sed
673 960 757 1021 etiem
775 960 804 1017 iu
814 970 921 1021 *omues
971 974 1045 1019 uem.
1062 959 1138 1029 Quod
1152 960 1301 1034 apostolus
1310 962 1430 1019 ostendit
1443 961 1554 1019 dicens:
1569 957 1605 1017 Et
1615 961 1711 1017 mortui
1725 977 1767 1014 rr-

121 1046 249 1111 bonnet
260 1051 387 1111 transiret
399 1051 505 1123 peccabi
516 1051 666 1122 unumne
676 1050 835 1111 dmuiu'ttutt.
970 1058 1078 1125 turpent
1089 1050 1242 1121 incorrupti,
1256 1059 1281 1106 et
1291 1067 1338 1107 nor
1350 1049 1543 1105 immutabimur
1559 1047 1654 1120 (itia,
1663 1047 1720 1120 δῖ).
1733 1046 1767 1105 Et

158 1139 224 1201 Ger.
240 1158 319 1211 xxm,
339 1159 385 1201 reu
398 1142 467 1199 lise.
484 1159 561 1203 utu.
577 1143 717 1209 Peccatum
731 1144 871 1217 eripiente.
885 1174 912 1189 ··
972 1142 1117 1203 ostendens
1131 1157 1191 1213 quse
1205 1143 1257 1198 erit
1280 1143 1337 1213 ipsa
1359 1141 1511 1201 immutatio
1529 1140 1629 1211 adiecit
1642 1141 1678 1213 (o.
1694 1139 1739 1211 53)
1756 1159 1763 1194 ε

122 1229 169 1291 tt.
193 1232 362 1315 Firmissime
372 1241 453 1303 tene,
467 1243 496 1291 et
505 1235 662 1297 uullaoeuttt
676 1235 797 1317 dubites,
810 1251 919 1297 omnem
974 1232 1083 1304 Oportet
1095 1234 1164 1289 enim
1175 1232 1343 1303 corruptibile
1357 1232 1406 1291 bor
1416 1233 1522 1289 induere
1534 1233 1765 1302 incorruptionem,

119 1319 263 1385 bominem
274 1325 321 1399 qui
334 1339 384 1395 per
393 1326 566 1383 concubitum
580 1326 631 1381 riri
647 1334 675 1383 et
693 1326 816 1383 mulieris
829 1327 920 1387 conm-
972 1333 997 1379 et
1009 1322 1120 1381 mortale
1138 1324 1186 1379 boe
1200 1323 1309 1378 induere
1331 1323 1565 1381 immortalitatem.
1585 1320 1614 1377 Ιιι
1632 1321 1769 1391 justornm

122 1411 208 1484 pitur,
216 1429 278 1469 cum
284 1414 407 1484 originali
414 1425 527 1486 peccato
536 1416 762 1489 trasci,intpietati
770 1417 917 1487 subditum,
973 1417 1022 1487 (oi.
1035 1417 1141 1487 coruut)
1157 1417 1316 1489 corporibus
1328 1414 1375 1472 liet
1384 1415 1457 1487 quod
1471 1416 1530 1489 ipse
1542 1415 1690 1488 Apostolus
1704 1418 1743 1473 ait
1759 1433 1766 1469 :

122 1504 260 1577 wdone
269 1505 428 1576 subiectum,
436 1516 464 1563 et
473 1507 509 1567 ob
517 1508 571 1565 hoc
581 1516 677 1567 natura
687 1510 733 1565 ire
741 1509 823 1565 libum
834 1511 918 1567 nasci.
972 1505 1161 1562 Semmoturin
1173 1507 1448 1579 comminuerunt
1461 1507 1488 1561 in
1500 1507 1713 1579 incorruptione,·
1726 1521 1769 1561 rr·

121 1592 164 1657 De
176 1611 230 1669 que
244 1596 310 1654 dicit
319 1598 466 1669 Apostolus
482 1618 489 1654 :
504 1599 617 1657 Eremos
630 1603 700 1656 euim
719 1611 744 1657 et
757 1619 806 1657 nos
824 1612 920 1657 namra
972 1596 1087 1651 bttuatur
1102 1598 1128 1649 iu
1139 1595 1311 1669 ipncbiir'tote‚
1328 1607 1417 1671 turpet
1427 1597 1454 1652 r'n
1465 1597 1569 1673 plocio,
1584 1596 1728 1651 renouetur
1738 1597 1766 1653 itt

119 1686 176 1761 filii
189 1686 251 1755 ire,
264 1689 369 1746 timrei
383 1690 470 1747 ceteri
485 1688 593 1763 (Epire.
608 1706 637 1755 ιι,
650 1689 690 1763 ὅ).
705 1690 793 1761 aqua
806 1691 846 1747 ira
861 1690 921 1751 ttttl·
971 1686 1142 1757 infirmitete,
1159 1697 1247 1761 mrpet
1269 1688 1296 1741 in
1311 1689 1426 1754 uirtute;
1449 1687 1591 1743 remittetur
1604 1702 1697 1759 emptu
1710 1686 1769 1742 ani·
1856 1725 1880 1753 ‚-

120 1775 168 1845 ius
181 1777 322 1849 liberatur,
336 1780 538 1853 nisi'perlldem
557 1753 715 1839 mentitoris
732 1781 779 1839 liei
792 1790 820 1838 et
831 1781 920 1841 homi·
972 1778 1054 1844 mule,
1069 1789 1156 1850 serpet
1172 1796 1263 1850 corpus
1277 1780 1397 1851 spiritale
1410 1779 1505 1852 (ibid,
1519 1779 1676 1853 lietera).
1691 1775 1769 1846 Quod

122 1882 210 1940 uum,
233 1869 350 1927 bominis
363 1866 427 1926 iesu
446 1864 560 1937 Christi,
585 1869 631 1940 qni
651 1868 709 1927 sine
729 1880 844 1945 peccato
856 1884 922 1926 cou-
934 1882 961 1953 Β
973 1878 1119 1943 propterea
1131 1870 1254 1940 spiritale
1267 1871 1346 1938 dixit,
1362 1886 1418 1929 nou
1427 1871 1490 1945 quia
1501 1871 1590 1943 ipsum
1600 1886 1699 1942 corpus
1711 1871 1769 1941 spi·

123 1965 238 2033 ceptus,
261 1958 321 2015 siue
333 1970 447 2030 peccam
460 1968 550 2025 natus,
569 1958 629 2015 siue
650 1967 763 2030 peccato
784 1968 919 2030 mortuus,
972 1960 1042 2021 ritus
1054 1962 1115 2029 erit,
1131 1961 1179 2018 secl
1192 1963 1255 2035 quia
1275 1962 1427 2021 vivificante
1440 1963 1538 2035 spiritu
1562 1962 1768 2019 immortalem·

121 2056 268 2137 peeeatum
286 2063 337 2125 pro
351 2048 430 2106 nobis
443 2046 530 2104 lactus
542 2057 594 2115 est,
609 2047 636 2103 ib
650 2056 692 2107 est
705 2038 866 2107 mendcium
878 2049 920 2105 la·
973 2069 1027 2125 que
1040 2053 1244 2131 incorruptibile
1258 2053 1437 2124 permanebit.
1451 2053 1497 2113 Sic
1511 2060 1602 2111 autem
1615 2061 1680 2109 tunc
1693 2052 1768 2111 dice·

122 2145 187 2193 ctus
199 2144 241 2193 est
255 2151 306 2211 pro
319 2137 439 2212 peccetis
452 2136 561 2192 uostris.
574 2135 604 2191 ln
614 2135 706 2195 Veteri
717 2137 817 2209 quippe
831 2136 922 2193 Testa·
973 2151 1017 2198 tur
1030 2143 1151 2215 spiritale
1161 2157 1269 2213 corpus,
1280 2160 1342 2203 curu
1353 2159 1408 2199 non
1420 2143 1531 2217 spiritus
1541 2144 1587 2212 sit,
1600 2143 1648 2201 sed
1660 2157 1768 2219 perure

121 2234 220 2281 mento
231 2234 344 2294 peccata
355 2224 515 2280 dicebantur
529 2222 661 2280 sacriticia
670 2238 730 2295 quae
741 2240 790 2295 pro
801 2224 921 2296 peccatis
971 2241 1038 2289 neat
1050 2248 1168 2307 corpns3
1183 2233 1254 2291 sient
1265 2250 1336 2295 nnuc
1347 2235 1464 2293 animale
1477 2233 1587 2302 dicitur,
1601 2249 1664 2297 coru
1674 2243 1767 2293 tamea

123 2313 313 2373 offerebantur
325 2334 331 2369 :
345 2315 371 2371 itt
381 2315 609 2386 quibusomnibus
620 2315 670 2371 luit
680 2314 922 2385 signibcadocbri·
972 2321 1126 2379 inveniatur
1139 2338 1192 2379 non
1208 2323 1297 2379 anima
1312 2339 1382 2391 esse,
1396 2323 1445 2383 sed
1458 2339 1567 2397 corpus.

122 2408 171 2476 stt,
195 2409 259 2478 quia
276 2408 334 2481 ipse
352 2416 395 2464 est
414 2407 503 2481 tenus
519 2418 531 2445 ¹
547 2407 596 2463 Dei
611 2409 653 2481 qui
670 2408 737 2463 tollii
750 2408 856 2479 perceio
873 2410 919 2480 (td-
1008 2412 1216 2485 cinnano
1231 2413 1298 2470 lise.
1317 2431 1399 2470 xxvu.
1416 2414 1497 2470 Fides
1515 2424 1541 2470 et
1558 2415 1712 2487 baptisatur.
1748 2448 1768 2466 -ι

122 2496 271 2569 peccatum)
285 2500 375 2553 mundi
389 2498 480 2572 (toan.
493 2517 512 2564 ι,
522 2497 579 2573 ii).
973 2503 1017 2560 il.
1034 2503 1200 2561 Firmissime
1212 2512 1291 2571 tene,
1303 2512 1331 2559 et
1343 2503 1495 2561 nuntiaremus
1508 2502 1626 2571 dubites,
1644 2502 1765 2575 exceptis

161 2589 229 2646 Cre.
242 2606 326 2658 utu,
340 2608 386 2646 reu
399 2590 466 2647 lire.
478 2608 551 2647 xxtv.
567 2589 630 2646 Non
643 2593 832 2662 baptisatorum
845 2607 923 2665 perne
972 2593 1080 2665 illisqui
1089 2609 1139 2668 pro
1151 2592 1429 2650 nominonristlsuo
1440 2593 1571 2665 sangnine
1582 2591 1764 2663 baptizantur,

123 2697 195 2753 que.
210 2714 246 2724 -
260 2680 306 2741 tt.
327 2680 495 2737 Firmissime
509 2689 582 2747 tene,
600 2689 627 2738 et
641 2681 795 2741 nullatenus
805 2680 922 2746 dubites,
974 2687 1076 2743 nullum
1086 2686 1224 2743 bominem
1233 2695 1408 2756 accepturum
1415 2685 1497 2741 vitam
1508 2685 1704 2754 aeternam,qui
1715 2698 1767 2741 nott

123 2785 182 2827 uon
193 2771 281 2827 solunt
292 2769 478 2841 bominesjam
489 2771 724 2840 rationeutentes,
735 2771 922 2833 verumetiam
973 2777 1121 2835 bicamalis
1131 2777 1186 2836 suis
1196 2775 1277 2834 luerit
1286 2791 1335 2851 per
1342 2773 1529 2851 poeninttnam
1540 2774 1767 2844 tinenqnebeon-

123 2862 266 2935 paruulos,
279 2863 393 2933 quisine
404 2862 432 2918 in
444 2862 527 2918 uteris
540 2872 657 2925 matrtutt
671 2864 764 2921 ninere
778 2865 922 2935 incipiunt,
973 2884 1078 2940 uersus,
1093 2877 1121 2925 et
1139 2884 1189 2941 per
1206 2878 1406 2925 sacramentum
1421 2864 1483 2923 bidei
1497 2874 1525 2922 et
1538 2865 1719 2936 poenitentia,
1742 2865 1768 2920 id

123 2963 153 3012 et
167 2955 203 3011 ibi
218 2956 381 3026 moriuntur,
392 2956 449 3013 sive
459 2957 516 3027 jorn
532 2956 578 3029 (ui.
594 2956 665 3027 cnm)
677 2957 711 3014 de
722 2958 853 3015 matribus
865 2957 922 3015 nuti
974 2967 1016 3015 est
1030 2974 1088 3030 per,
1113 2960 1277 3030 baptismum
1292 2958 1432 3020 liberatus.
1444 2955 1479 3013 Et
1498 2956 1646 3028 majoribus
1661 2956 1768 3030 quidem

123 3047 365 3105 mnesacramento
374 3047 459 3105 sancti
469 3046 650 3119 baptismatis,
661 3049 733 3119 quod
743 3047 823 3104 datur
835 3049 862 3105 in
874 3064 923 3107 no·
974 3052 1157 3110 necessarium
1165 3067 1234 3120 esse,
1244 3060 1271 3108 et
1278 3051 1466 3123 poeniteutiam
1476 3050 1511 3106 de
1521 3048 1600 3104 malis
1609 3053 1667 3106 suls
1675 3063 1768 3121 apere,

123 3140 202 3196 mine
215 3137 302 3196 Patris
321 3146 348 3195 et
362 3137 422 3195 Filii
432 3146 461 3195 et
473 3137 589 3213 Spiritus
603 3140 706 3209 sancti,
718 3139 752 3196 de
763 3140 815 3195 boc
825 3138 922 3197 saeculo
975 3152 1003 3199 et
1023 3142 1103 3198 tidem
1117 3142 1279 3199 catholicam
1293 3141 1442 3199 secuudum
1454 3140 1573 3209 regulam
1594 3139 1714 3197 veritatis
1729 3148 1769 3195 te-

123 3238 281 3299 transenm,
300 3229 369 3301 ignis
381 3229 475 3286 eterni
484 3230 650 3301 sempiterno
661 3228 793 3301 supplicio
807 3229 960 3311 punient-c
975 3249 1051 3302 nere,
1065 3244 1094 3291 er
1104 3242 1304 3291 monumentum
1316 3232 1486 3304 baptismatis
1496 3231 1635 3304 accipere;
1651 3229 1770 3303 parvulis

122 3322 188 3381 dos.
197 3314 272 3391 'Quia
285 3322 336 3378 etsi
349 3330 489 3397 peecatum
504 3319 622 3399 propriu
635 3319 751 3376 actionis
761 3319 865 3375 nullum
875 3319 923 3374 ba·
975 3338 1051 3391 vero,
1067 3324 1113 3396 qui
1124 3339 1175 3380 nec
1189 3324 1299 3397 propria
1313 3323 1455 3379 voluntate
1468 3321 1594 3388 credere,
1612 3336 1662 3377 nec
1682 3321 1770 3392 potni-

120 3412 260 3482 buerudt,
276 3413 415 3484 originalis
427 3419 516 3468 umen
532 3412 637 3483 peceati
649 3410 850 3466 damnationem
864 3426 924 3465 car-
975 3415 1088 3472 tentiam
1103 3430 1153 3486 pro
1163 3424 1277 3487 peccato
1290 3414 1363 3486 quod
1378 3412 1547 3485 originaliter
1557 3411 1668 3467 trabunt
1690 3424 1771 3479 apere

122 3507 182 3565 nali
195 3505 374 3581 conceptione
387 3513 415 3561 et
425 3503 567 3560 nativitate
580 3510 732 3561 traxerunt.
975 3516 1103 3579 possunt,
1127 3513 1326 3563 sacramentnm
1342 3503 1404 3560 iidei
1426 3511 1455 3558 et
1468 3502 1634 3577 poenitetttiae
1651 3512 1675 3569 ²,
1696 3499 1770 3573 quod

157 3597 230 3654 Cae.
246 3588 338 3665 xx'nn,
349 3613 393 3653 reu
404 3596 473 3652 lies
488 3594 748 3651 xxo.iuriicium.-
758 3590 802 3647 bu.
815 3591 924 3649 Firmis·
975 3603 1017 3654 est
1036 3604 1159 3652 sanctum
1173 3595 1316 3667 baptisma,
1332 3591 1454 3664 qnandiu
1472 3591 1586 3648 rationis
1598 3600 1770 3649 ceraseorum

121 3690 197 3748 sime
207 3698 281 3759 leue,
292 3684 606 3753 etnuiltteuusdubites,
616 3683 923 3742 ideoCbristurnFilium
975 3701 1062 3758 capax
1076 3700 1199 3742 essenon
1215 3693 1315 3757 potest,
1333 3682 1458 3740 sumcere
1472 3682 1643 3739 adsalutem.

119 3779 174 3838 ttet
187 3780 221 3836 ad
228 3779 388 3852 iudicandos
397 3779 474 3836 uiros
484 3785 512 3833 et
525 3785 648 3835 mortuos
661 3783 815 3855 oentnmm,
829 3783 858 3830 nt
869 3774 921 3828 Ιιο·
1011 3776 1076 3832 Ctr.
1090 3790 1165 3842 aaut,
1180 3791 1225 3830 seu
1240 3774 1308 3830 lire.
1326 3789 1420 3829 ιιιιιι.
1434 3769 1536 3828 Gratia.
1552 3806 1588 3817 -
1604 3772 1647 3829 72
1660 3756 1784 3833 Firmisss

120 3872 217 3929 taines
226 3870 349 3945 qnosble
359 3871 433 3927 dono
443 3883 499 3925 sna
508 3866 691 3938 gratiaepratis
701 3881 750 3937 per
761 3863 925 3935 iidemjttsti·
975 3870 1043 3926 sime
1055 3880 1126 3938 tene,
1142 3877 1171 3924 et
1185 3867 1340 3923 nullatenus
1349 3866 1473 3935 dubites,
1488 3867 1623 3922 neminem
1633 3866 1678 3923 hic
1690 3882 1771 3939 posse

120 3962 202 4030 beat,
215 3961 371 4030 eisdemque
379 3958 544 4032 Justiilcatis,
555 3959 583 4014 itt
595 3957 647 4013 ilde
661 3964 689 4012 et
701 3954 814 4031 caritate
824 3964 924 4011 sanctie
975 3958 1114 4014 bantinum
1124 3956 1311 4030 poenitentiam
1323 3969 1413 4025 agere,
1430 3955 1480 4009 nisi
1492 3970 1572 4027 quem
1587 3955 1657 4012 licus
1672 3956 1770 4012 illumi-

118 4053 225 4109 mattis
238 4049 363 4108 Ecclesia
384 4065 471 4122 usque
490 4051 519 4105 in
532 4049 613 4104 linem
626 4046 856 4119 perseverentiam
875 4043 925 4100 do·
975 4046 1092 4113 traverit,
1104 4054 1132 4102 et
1141 4045 1256 4117 gratuita
1266 4059 1315 4099 sua
1326 4044 1499 4099 miseratione
1510 4046 1684 4101 converterit.
1698 4045 1771 4117 lipo-

119 4154 186 4214 ttat,
202 4145 229 4200 la
242 4158 291 4201 sao
303 4143 420 4200 adventu
432 4141 576 4199 resuscitet
589 4147 617 4196 et
627 4137 770 4209 glorilioet,
785 4147 813 4192 et
825 4151 923 4192 secun·
975 4139 1062 4195 stolus
1075 4138 1146 4193 enim
1160 4136 1226 4192 dicit
1239 4153 1245 4189 :
1261 4132 1303 4189 Ne
1314 4136 1381 4207 sorte
1391 4134 1433 4188 ciet
1447 4135 1500 4189 iilis
1512 4132 1582 4190 liene
1592 4137 1771 4207 penitentium

120 4237 193 4293 duur
209 4234 417 4308 promissionem
432 4248 509 4291 suam
519 4231 637 4302 aquales
648 4230 749 4288 sanctis
762 4227 865 4297 angelis
880 4225 922 4281 la·
976 4233 1012 4286 unt
1031 4228 1237 4303 copnorcertdom
1251 4229 1402 4296 tentarent,
1421 4238 1444 4281 n
1459 4228 1614 4301 resipiscant
1636 4245 1652 4283 a
1673 4228 1772 4285 dioboli
1856 4301 1863 4311 1

118 4327 193 4395 ciat,
203 4334 234 4381 et
246 4324 280 4382 ad
294 4339 356 4381 enm
371 4330 472 4380 statum
486 4320 632 4394 perducet,
646 4318 923 4391 anteperfectam
976 4324 1075 4398 laqueis
1090 4321 1135 4395 (ll
1146 4318 1214 4380 Tim.
1230 4338 1258 4385 ιι,
1275 4319 1331 4391 ib).

118 4426 259 4489 quantum
269 4418 414 4488 nonnique
427 4416 511 4473 donat
522 4416 608 4484 bens,
623 4413 687 4472 boui
697 4414 762 4482 siut,
777 4421 805 4469 et
817 4412 851 4468 ab
865 4413 923 4482 ipsa
1012 4414 1077 4470 Cur.
1090 4430 1173 4479 uxstt,
1188 4412 1398 4469 retulissetis.
1414 4411 1490 4467 Niitit
1501 4414 1545 4483 api
1557 4413 1613 4466 sine
1623 4413 1721 4484 prurio.
1735 4443 1771 4456 -

117 4511 296 4585 perientibus
306 4510 435 4582 deinceps
448 4510 547 4566 mutari
558 4524 611 4565 non
624 4508 730 4581 possint
743 4526 749 4561 ε
761 4506 808 4564 ubi
817 4507 922 4563 diversa
976 4505 1021 4559 ib.
1045 4503 1210 4559 Firmissime
1231 4511 1304 4567 tene,
1329 4510 1357 4558 et
1377 4501 1531 4557 nullatenus
1550 4499 1670 4566 dubites,
1690 4514 1771 4570 posse

118 4606 179 4662 erit
201 4611 359 4661 sauctmum
378 4603 484 4674 gloria,
508 4602 556 4659 sed
577 4616 630 4658 una
652 4598 704 4655 erit
726 4598 924 4661 omniumnita
976 4594 1084 4667 quidem
1099 4594 1236 4651 hominem
1256 4609 1336 4663 quem
1358 4607 1408 4649 nec
1431 4591 1582 4661 ignorantia
1606 4589 1770 4659 litterarum,

117 4695 390 4754 areambtabotnm
401 4709 467 4752 tero
476 4702 505 4751 et
517 4693 628 4762 angelos
638 4690 697 4762 elus
707 4690 734 4745 in
745 4689 835 4759 noem
844 4696 924 4743 reter-
976 4701 1028 4742 nec
1042 4685 1131 4756 aliqua
1145 4684 1271 4756 probibet
1285 4682 1456 4737 imbecillitas
1467 4680 1509 4736 vel
1519 4680 1677 4747 adversitas,
1687 4679 1771 4734 rerba

116 4803 192 4845 nutu
215 4802 231 4842 a
255 4784 365 4855 Christo
379 4800 439 4842 esse
453 4783 614 4849 mittendos,
637 4782 683 4838 nbi
696 4794 832 4849 nunquam
848 4794 925 4834 care·
937 4811 964 4873 Ι)
976 4786 1078 4837 sanctur
1092 4778 1158 4847 lepis
1177 4783 1206 4833 et
1220 4774 1368 4843 Evangelii,
1390 4773 1447 4829 sine
1463 4773 1570 4843 legere,
1595 4772 1652 4827 site
1667 4786 1701 4826 ex
1724 4785 1772 4826 ore

114 4879 195 4938 bunt
204 4892 288 4950 poena
302 4891 384 4949 quam
395 4876 436 4933 eis
448 4875 608 4949 praepararit
621 4874 710 4930 odrina
722 4872 826 4943 institia
839 4889 845 4938 ;
862 4888 924 4929 cum
976 4870 1134 4943 cujusquam
1146 4864 1330 4940 predicatoris
1340 4863 1448 4929 andire;
1461 4864 1510 4920 sed
1522 4863 1620 4917 diuinis
1634 4860 1771 4917 mandatis

116 4970 294 5044 iuuentem
309 4969 417 5027 diabolo
430 4950 530 5042 impios
549 4979 577 5025 et
600 4968 707 5039 iniquos
725 4966 870 5034 homines,
891 4965 925 5021 de
977 4963 1088 5023 obedire
1103 4960 1238 5018 nemiuem
1254 4971 1345 5030 posse,
1361 4955 1412 5012 ttisi
1432 4970 1512 5025 quem
1532 4951 1603 5013 berte
1617 4952 1703 5023 gratia
1723 4966 1772 5009 sna

114 5064 227 5136 quibus
241 5061 380 5135 Scriptura
394 5061 460 5119 dicit
484 5079 491 5116 z
515 5060 657 5116 imitentur
671 5059 753 5133 528
767 5066 853 5113 autem
867 5074 925 5113 eum
976 5054 1193 5131 praetereundi
1206 5049 1278 5123 quod
1293 5049 1506 5119 anditeorpore,
1523 5044 1697 5102 etiamcordc
1710 5059 1773 5117 per-
1817 5032 1823 5047 ’

115 5158 168 5230 qai
180 5162 245 5212 ruat
258 5172 292 5211 rr
302 5164 377 5231 perte
388 5154 458 5211 litim
472 5154 549 5227 (Sep.
565 5170 594 5217 ιι,
605 5151 664 5224 25),
676 5166 726 5223 pro
739 5148 852 5223 eoquod
862 5165 925 5205 eum
977 5146 1114 5217 cipiat,et,
1127 5148 1238 5211 accepta
1249 5138 1377 5195 divinitus
1391 5137 1461 5192 bona
1473 5134 1614 5190 volutatam
1624 5141 1706 5204 atque
1717 5132 1773 5188 vir·

114 5244 148 5305 ln
166 5247 387 5320 malisoperibus
400 5247 498 5304 imitati
512 5254 586 5315 sunt,
601 5241 792 5301 etanteilnem
807 5254 926 5314 pressen-
978 5244 1048 5304 tute,
1073 5232 1199 5289 mandata
1216 5230 1263 5285 ilci
1278 5226 1368 5283 iacere
1388 5235 1417 5283 et
1436 5225 1504 5282 velit
1518 5234 1546 5281 et
1565 5225 1659 5298 possit.
1683 5221 1774 5299 Neque

113 5340 158 5396 tis
171 5340 240 5395 vitae
252 5352 400 5409 congruam
412 5338 600 5413 penitentiam
615 5351 668 5393 non
680 5342 808 5406 eperunt,
823 5349 927 5390 resum-
980 5329 1063 5405 529
1074 5327 1145 5383 enirn
1157 5324 1201 5397 qui
1210 5322 1311 5392 plantet
1322 5327 1360 5376 ert
1370 5319 1481 5393 aliquid,
1495 5336 1577 5389 tneque
1587 5318 1630 5388 qui
1638 5312 1774 5390 rigranne

113 5425 925 5505 ptiscorporibussupplicioaetcrnaecombustionisersuros.
979 5419 1023 5493 qui
1035 5419 1221 5473 incrementum
1235 5411 1281 5465 dot
1301 5407 1373 5465 licus
1390 5408 1418 5481 (l
1430 5407 1491 5464 Cor.
1506 5424 1549 5474 ιιι,
1563 5407 1590 5480 t)
1609 5425 1615 5462 ι
1631 5406 1677 5477 qui
1692 5406 1774 5461 etiam

158 5519 233 5577 Cae.
250 5537 329 5588 ests,
349 5538 393 5576 rete
414 5520 482 5577 ileo.
496 5535 570 5575 sunt.
593 5516 756 5572 Resurrectio
772 5516 870 5569 cornis.
891 5545 928 5557 -
980 5514 1110 5579 operatur
1128 5500 1246 5558 innubis
1260 5508 1288 5556 et
1303 5497 1562 5569 telieetperiicerc,
1579 5511 1629 5567 pro
1641 5495 1713 5551 bona
1725 5508 1775 5550 vo·

113 5613 171 5675 70.
190 5611 359 5671 Firmumne
370 5621 446 5680 tuna,
459 5620 488 5669 ct
499 5611 653 5667 nullanetus
666 5609 783 5674 dubites,
802 5606 926 5664 omnibus
980 5599 1084 5656 luotate
1099 5593 1210 5667 (Pntttp.
1227 5607 1255 5656 ιι,
1273 5589 1328 5659 li).

113 5700 287 5761 bominibus
297 5709 325 5758 et
334 5700 413 5757 bonis
423 5707 452 5757 ct
463 5698 541 5754 melis
552 5698 778 5754 resurrectionem
794 5696 885 5753 caruis
898 5696 926 5751 in
1017 5690 1083 5747 Ctr.
1100 5702 1193 5752 xxxttt,
1212 5701 1257 5739 eru
1276 5682 1345 5740 iles.
1359 5697 1424 5738 xxx.
1448 5678 1614 5735 brunstatt
1634 5678 1724 5734 intera
1737 5708 1774 5755 .··

158 5831 178 5867 r
197 5816 260 5875 iat
272 5833 352 5886 unm,
362 5818 451 5890 ripaue
465 5815 657 5873 imrnocutatm.
1021 5804 1128 5861 ernost
1137 5801 1172 5856 ab
1183 5798 1245 5857 edd.
1257 5801 1282 5855 et
1334 5795 1460 5851 utiuntirr.
1475 5793 1513 5851 Le
1533 5794 1586 5879 itur
1596 5772 1624 5850 iu
1633 5808 1705 5853 mee.
1719 5806 1773 5867 qut

160 5884 249 5944 etis.
265 5900 346 5958 nnus,
359 5904 406 5957 per
420 5885 625 5945 mirericordiam
636 5883 774 5969 immores
985 5873 1278 5936 turritanensem
1309 5865 1498 5923 estimandum
1529 5875 1652 5939 optrtmo.
