4152 6344
188 358 244 416 att
330 386 335 391 ·
702 357 745 415 DE
763 358 1091 417 rumuusutututuuu
1110 359 1153 415 ΕΤ
1171 359 1310 417 GRATlA.
1757 358 1809 415 ild

190 474 237 529 cia
256 485 364 529 aonam
375 470 554 528 misericordia
571 480 597 527 et
610 472 704 528 rems
716 470 802 545 (Psoi.
817 489 891 540 xxiv,
907 470 973 595 wd3
991 478 1012 533 Α
1045 472 1104 537 erit,
1120 472 1147 527 in
1166 473 1212 528 illa
1230 473 1326 528 divinar
1340 471 1512 542 prescientia
1525 471 1585 527 lucc
1599 469 1736 528 iaciendas
1749 474 1810 527 nut-

188 550 271 612 atque
285 549 415 609 agnoscat
427 540 474 595 tali
487 541 570 596 Deum
581 541 685 624 agitare
697 557 742 598 res
759 543 889 597 humanas
906 540 932 610 iu
952 543 974 595 i·
1025 489 1080 597 funi
1122 543 1191 598 ntuit
1214 542 1315 597 babere
1329 540 1506 612 principium:
1521 550 1547 594 et
1561 541 1760 609 quanticunque
1769 542 1812 597 vet

186 613 243 675 cio,
268 619 298 664 ut
311 610 415 665 debitas
475 626 522 664 tuas
533 619 582 665 aut
597 618 670 680 ruste
687 609 792 678 reddat,
811 619 858 666 aut
871 610 975 666 miseri·
1024 610 1090 666 exA
1110 626 1163 663 arr.
1175 612 1291 680 usquein
1304 610 1462 666 hodiernum
1470 608 1540 664 diem
1548 610 1670 665 homines
1678 610 1733 664 nati
1740 620 1812 675 sunt,

186 678 307 736 corditer
319 680 411 734 donet.
455 680 536 735 itiattc
550 679 621 735 enim
633 681 730 736 radicis
750 679 855 736 macula
866 681 902 734 ita
932 695 976 734 ro-
1025 680 1067 734 vel
1078 690 1139 749 post
1154 690 1271 736 nostram
1285 689 1392 735 oetatem
1405 679 1584 748 generationis
1597 689 1659 734 sunt
1669 680 1814 750 propagine

187 748 294 819 paginis
318 749 428 804 traduce
442 765 491 819 per
503 750 707 818 generationum
729 759 866 807 sannenta
880 696 974 804 diiiusa
1025 747 1163 815 nascituri,
1177 750 1248 820 apud
1261 750 1344 805 Deum
1356 750 1411 803 nati
1424 759 1487 803 sunt
1497 749 1563 816 jam,
1573 747 1719 805 etdecurso
1732 750 1815 804 tntivu

186 828 244 884 cst,
257 826 288 873 ut
307 834 357 873 nec
368 816 455 875 inians
464 818 572 887 quidem
584 819 663 874 unius
676 819 730 875 diei
744 834 758 873 a
772 821 850 889 culpa
864 819 899 873 sit
938 820 975 873 ri·
1025 819 1087 874 vito
1101 829 1222 889 tempore
1236 820 1410 883 transierunt,
1426 818 1453 873 in
1479 818 1524 873 illo
1545 818 1718 873 nibilominus
1731 818 1813 872 divini

186 902 242 943 nite
254 887 483 957 prevaricationis
501 888 604 943 alienus
618 887 678 957 (deb
693 904 749 957 arv,
763 889 790 953 d,
804 905 855 944 see.
876 834 975 957 dipl),
1026 890 1134 944 obtutus
1148 889 1247 944 lumine
1259 896 1455 958 pernianeutes.
1472 887 1543 942 Deus
1552 889 1623 942 enim
1637 889 1682 957 qui
1693 903 1744 942 nec
1753 887 1814 943 locn

186 957 242 1013 nisi
256 972 306 1027 per
319 957 466 1012 indebitam
477 958 625 1013 salvatoris
646 959 761 1027 gratiam
783 959 864 1013 luerit
881 957 977 1014 libera·
1025 957 1168 1022 clauditur,
1184 974 1233 1012 nec
1247 966 1368 1027 tempore
1392 956 1564 1027 preveniunt,
1576 959 1693 1011 omniurn
1714 972 1812 1022 rerum,

168 1036 245 1083 tus.
268 1026 345 1093 Quod
369 1025 392 1081 si
413 1042 464 1081 nec
483 1026 528 1082 hic
546 1027 655 1095 quidem
668 1029 726 1082 sine
741 1036 852 1096 peccato
874 1027 974 1095 estqui
1026 1035 1082 1081 tam
1108 1026 1302 1096 praeteritarum
1330 1027 1480 1089 memoria,
1506 1040 1586 1095 quam
1620 1027 1814 1081 imminentium

187 1097 328 1178 proprium
342 1095 440 1151 babere
457 1111 510 1151 non
526 1098 623 1166 potuit,
648 1097 788 1152 coniicitur
802 1105 830 1151 ιι
845 1095 909 1151 illud
924 1105 976 1150 tra·
1025 1097 1138 1151 scientia
1153 1096 1247 1167 plenus
1261 1106 1302 1151 est
1318 1115 1323 1147 ι
1337 1112 1388 1151 nec
1399 1096 1571 1151 reminiscens
1584 1097 1699 1151 volvitur
1710 1097 1734 1151 in
1748 1111 1813 1166 prce·

188 1174 261 1221 serit
281 1166 398 1220 alienum
418 1165 453 1220 de
474 1180 529 1232 quo
550 1165 694 1234 Apostolus
716 1165 802 1222 dicit:
828 1165 881 1219 Per
897 1181 976 1218 unam
1027 1167 1145 1231 teritum,
1162 1180 1212 1221 nec
1238 1180 1350 1235 sperans
1370 1165 1489 1221 tenditur
1506 1165 1532 1220 in
1555 1164 1729 1222 laturumlit
1741 1182 1814 1237 qure-

188 1236 320 1291 temnens
333 1243 465 1305 peccatam
474 1234 581 1290 intrauit
592 1236 621 1289 in
637 1236 770 1298 mandam
786 1244 811 1290 et
825 1253 871 1305 per
884 1251 976 1304 pecco·
1013 1251 1131 1305 cunque
1145 1236 1254 1291 omuino
1266 1244 1338 1300 surtt,
1349 1249 1410 1304 quic
1423 1243 1572 1305 temporum
1586 1236 1701 1291 motibus
1713 1238 1812 1302 agitan-

191 1314 244 1359 tant
258 1321 338 1371 mors,
361 1312 386 1358 et
408 1306 445 1357 ite
458 1304 485 1357 ia
500 1320 588 1358 onustes
604 1307 767 1375 pertransiit,
787 1306 814 1359 in
828 1322 878 1376 qao
889 1321 978 1358 omrtet
1027 1311 1081 1368 tur,
1094 1306 1128 1360 ab
1142 1320 1176 1360 eo
1195 1305 1327 1374 principio
1339 1306 1364 1359 in
1377 1320 1431 1373 quo
1445 1315 1503 1359 erat
1517 1301 1645 1372 Verbum,
1658 1314 1685 1358 et
1698 1304 1814 1361 Verbum

192 1384 358 1436 peccauerunt
379 1373 467 1443 (Rom.
484 1387 514 1437 ι,
532 1372 587 1445 id).
612 1372 690 1440 Quod
713 1375 759 1443 qui
782 1382 872 1441 negat,
896 1382 978 1442 negat
1026 1381 1085 1430 crat
1097 1374 1166 1445 apud
1177 1373 1271 1436 Derim,
1288 1382 1316 1429 et
1341 1375 1410 1429 Deus
1431 1381 1489 1428 erat
1503 1372 1621 1429 Verbum
1636 1375 1725 1442 (donn.
1742 1391 1759 1438 ι,
1775 1375 1814 1439 it,

192 1444 312 1510 proiecto
326 1442 442 1511 primum
457 1458 506 1496 uns
518 1457 578 1497 esse
591 1443 729 1498 mortales.
747 1442 775 1499 Si
790 1446 873 1510 enim,
888 1452 917 1497 ut
936 1443 977 1498 di·
1027 1445 1149 1512 usquein
1161 1442 1242 1498 linem
1257 1444 1378 1509 omnium
1391 1444 1560 1499 saeculorum.
1576 1443 1614 1498 lie
1626 1446 1742 1512 qualine
1754 1460 1814 1499 oum

192 1513 229 1568 cit
246 1512 402 1583 Apostolus,
424 1510 475 1565 Per
496 1528 575 1566 anam
588 1511 717 1566 bominem
730 1521 861 1583 peccatam
875 1513 978 1567 intrauit
1026 1512 1128 1568 diceret
1141 1513 1236 1568 beatus
1246 1513 1288 1566 llo
1309 1529 1351 1568 ses
1365 1532 1371 1567 :
1385 1511 1505 1575 Dentine,
1518 1512 1544 1566 in
1566 1514 1613 1577 uit,
1624 1515 1668 1583 qui
1679 1530 1771 1583 repnte
1787 1516 1814 1568 ia

193 1600 218 1636 m
232 1583 365 1646 mundum,
379 1591 404 1636 et
416 1597 463 1651 per
473 1589 604 1651 peccatum
619 1583 708 1637 mbrs:
724 1599 796 1638 triors
809 1584 909 1637 intrare
923 1597 977 1637 nott
1026 1581 1149 1637 sumtum
1171 1591 1197 1636 et
1220 1531 1342 1638 ιιιιιῖιιι
1357 1581 1455 1655 (deod.
1477 1598 1520 1647 xv,
1536 1526 1592 1650 t‘i),
1605 1592 1633 1638 et
1657 1584 1744 1638 ailltuc
1766 1599 1814 1638 ner

192 1652 292 1722 potuit,
306 1652 356 1706 nisi
372 1653 490 1705 intrante
504 1659 624 1721 peccato.
638 1650 672 1705 Et
686 1653 811 1720 quoniam
833 1667 905 1707 mors
923 1668 976 1707 non
1027 1661 1171 1721 sperantur
1191 1651 1289 1716 lutura,
1305 1668 1354 1709 nec
1377 1652 1510 1721 praeterita
1533 1652 1703 1717 transierunt,
1720 1653 1767 1707 sed
1788 1652 1814 1707 in

193 1729 294 1777 tratura
307 1719 434 1785 conditio,
450 1720 496 1776 scd
509 1736 589 1790 poena
605 1722 708 1791 peccati
722 1729 773 1787 est,
789 1730 918 1791 sequatur
934 1735 977 1776 nc·
1027 1721 1169 1791 praesentia
1181 1721 1327 1778 divinitatis
1338 1722 1461 1790 prasenti
1472 1736 1579 1790 semper
1589 1723 1647 1778 luce
1660 1731 1814 1778 cernuntur.

193 1806 271 1847 cesse
283 1799 325 1845 est
345 1805 424 1862 poetia
443 1798 591 1861 peccatum.
618 1789 686 1858 Quia
701 1806 765 1846 vero
779 1791 807 1846 in
821 1806 915 1846 omnes
929 1790 978 1845 lto·
994 1828 1017 1887 B
1030 1790 1071 1845 Ab
1083 1792 1129 1846 illo
1140 1804 1204 1859 crgo
1217 1792 1279 1863 quia
1292 1802 1408 1849 :eternus
1422 1799 1450 1847 et
1463 1792 1598 1859 prescius,
1614 1792 1676 1860 quia
1691 1800 1719 1847 et
1729 1791 1814 1860 iustus

193 1860 277 1919 utines
300 1876 373 1915 tnors
396 1860 562 1929 pertransiit,
586 1861 613 1915 in
626 1876 721 1915 ornnes
742 1876 850 1916 necesse
864 1868 905 1915 est
916 1874 978 1931 per·
1029 1869 1057 1915 et
1070 1861 1129 1930 pius
1143 1870 1194 1923 est,
1209 1863 1255 1930 qui
1272 1869 1379 1917 exercet
1392 1860 1508 1915 debitam
1526 1861 1708 1927 severitatem,
1723 1869 1751 1916 et
1769 1878 1811 1916 ox·

194 1928 322 1985 transisse
335 1939 484 1999 peccatum.
509 1927 655 1985 Peccatum
675 1945 729 1998 quo
749 1932 831 1985 modo
844 1946 904 1984 cum
920 1944 979 1999 par
1029 1929 1102 1985 bibet
1116 1931 1260 1985 indebitam
1271 1931 1409 2000 pietatem,
1421 1937 1449 1986 et
1460 1929 1541 1985 babet
1555 1931 1582 1985 in
1592 1932 1714 1986 creandis
1734 1938 1814 2002 atque

193 2000 261 2055 tulis
283 1997 413 2068 originale
435 2006 571 2063 nascatur,
594 2000 683 2053 carnis
706 1999 793 2055 oculis
814 1999 906 2053 videre
925 2015 978 2053 nnn
1029 2000 1158 2067 eligendis
1172 2000 1334 2061 bominibus,
1346 2000 1416 2054 sicut
1431 2000 1457 2054 in
1470 1998 1527 2054 luto
1540 1996 1815 2069 ilguluspotestatem,

193 2084 343 2139 possumus.
359 2067 428 2149 Quia
441 2083 505 2122 vero
518 2083 612 2123 omncs
622 2083 656 2123 cs
670 2067 754 2123 Adam
773 2069 918 2125 carnaliter
933 2083 980 2121 tta·
1029 2066 1173 2124 factasunt
1184 2069 1237 2123 alia
1249 2070 1357 2137 quidem
1369 2068 1468 2123 uasain
1482 2068 1629 2133 bonorem,
1645 2069 1697 2123 alia
1712 2083 1776 2125 uero
1790 2072 1815 2125 in

193 2146 248 2204 tos,
263 2138 326 2193 etsi
342 2138 380 2193 illi
390 2136 446 2219 jam
461 2137 541 2191 ctiam
554 2137 600 2207 qui
623 2137 650 2192 in
672 2137 780 2193 Christo
793 2138 881 2192 renati
906 2145 977 2201 sunt,
1029 2139 1228 2193 contumeliam.
1244 2138 1395 2221 Antequam
1416 2137 1517 2193 iaceret
1540 2153 1600 2205 uus,
1611 2138 1744 2208 praescivit
1756 2154 1816 2208 nos,

193 2207 313 2263 ridemus
322 2215 415 2263 mortis
426 2207 485 2274 lege
494 2207 650 2273 constringi,
658 2222 706 2276 per
717 2207 848 2277 bnequod
859 2206 980 2262 videmus
1029 2215 1058 2262 et
1069 2208 1095 2261 in
1107 2208 1163 2275 ipsa
1177 2224 1227 2263 rios
1240 2207 1419 2279 prescientia,
1433 2222 1494 2262 omn
1509 2208 1626 2263 nondum
1638 2206 1754 2272 lecisset,
1767 2207 1813 2265 ele

193 2291 296 2346 semper
306 2276 432 2346 parrulos
442 2274 520 2341 mori,
532 2276 653 2344 cogitnur
664 2277 784 2331 enniiteri
798 2291 906 2346 semper
941 2292 980 2329 ar·
1029 2277 1076 2347 git.
1084 2276 1136 2332 Set
1144 2292 1220 2347 aquo
1229 2278 1280 2333 boc
1292 2277 1349 2331 lieri
1361 2277 1515 2348 potuit,nisi
1523 2278 1723 2346 abeoquioacat
1731 2280 1816 2333 omnio

192 2346 269 2401 iulos
279 2348 352 2402 uasd
367 2361 428 2402 cum
443 2354 555 2426 peccato
568 2346 701 2414 originali.
712 2346 827 2403 Facilius
839 2347 910 2401 enim
922 2292 979 2400 fleri
1028 2363 1086 2417 qaa
1107 2364 1158 2402 noa
1176 2357 1236 2401 aaut
1250 2355 1373 2418 tanquam
1394 2364 1425 2401 ee
1478 2363 1501 2401 te
1521 2357 1581 2401 sant
1604 2346 1691 2418 (liam
1707 2363 1742 2407 ιι.
1759 2348 1816 2420 llil

192 2425 284 2485 posset
294 2425 333 2483 nt,
347 2430 468 2484 quamvis
483 2423 638 2471 transeunte
650 2427 769 2487 peceato,
781 2432 859 2487 poeua
870 2416 981 2471 minime
1030 2416 1175 2483 Apostolus
1189 2418 1260 2470 enim
1275 2417 1350 2484 dicit,
1367 2416 1418 2480 Qui
1431 2432 1444 2469 e
1455 2419 1507 2488 epit
1517 2432 1564 2473 tros
1579 2425 1639 2470 ante
1653 2419 1742 2471 rotandi
1755 2434 1811 2471 con·

193 2495 363 2554 sequeretur,
380 2499 461 2553 quam
476 2492 506 2539 ιι
520 2484 591 2539 nulla
605 2487 849 2542 communicatione
882 2486 979 2549 cecati,
1028 2487 1185 2541 stitutionem
1201 2484 1307 2555 (Epies.
1320 2502 1338 2546 ι.
1353 2485 1393 2556 t).
1405 2484 1477 2538 intra
1493 2485 1622 2539 urcundum
1636 2484 1699 2541 iacti
1713 2501 1816 2553 sumus,

193 2564 297 2625 partem
310 2563 398 2609 sumat
412 2569 508 2624 pmtvae,
522 2554 569 2621 qui
584 2570 637 2610 non
648 2556 730 2610 babet
742 2556 837 2627 culpae.
859 2502 888 2612 gt
903 2570 978 2625 ergo,
1029 2565 1057 2611 et
1070 2562 1133 2610 aute
1148 2557 1273 2609 mucidum
1285 2555 1363 2609 electi
1377 2569 1487 2610 suanus:
1502 2562 1583 2623 atque
1598 2556 1633 2608 ita
1644 2570 1697 2611 uno
1710 2555 1815 2612 eodem·

192 2633 223 2679 ut
235 2625 370 2749 apparuit,
394 2624 428 2679 de
443 2624 655 2692 praevaricatoris
667 2626 769 2680 sentina
783 2641 876 2683 ortnrtes
896 2626 981 2679 nasci·
1029 2640 1091 2694 que,
1105 2639 1156 2678 uec
1169 2631 1334 2687 transeunte,
1350 2639 1400 2679 nec
1422 2625 1522 2684 loturo.
1538 2624 1585 2678 sed
1604 2626 1732 2680 continno
1750 2632 1812 2680 tem·

193 2710 252 2748 ntur
282 2694 550 2762 ebitorcs,quuniam
574 2693 602 2747 in
617 2695 791 2764 ipsonmnes,
818 2703 847 2750 ιιι
860 2695 898 2749 ait
911 2694 980 2764 Apo·
1029 2710 1105 2765 pore,
1121 2693 1165 2748 vel
1190 2695 1213 2748 si
1237 2708 1291 2762 quo
1312 2693 1366 2749 allo
1394 2691 1474 2747 modo
1494 2692 1547 2748 dici
1565 2701 1666 2765 potest,
1681 2695 1703 2749 si
1726 2700 1816 2750 tamen

193 2764 290 2831 stolus,
314 2770 502 2832 peccaverunt,
526 2771 555 2816 et
574 2762 631 2831 ipsa
643 2763 699 2832 jam
722 2764 748 2818 in
764 2765 895 2835 principio
911 2764 980 2819 aride
1030 2764 1099 2833 apud
1112 2761 1195 2817 Deum
1210 2772 1261 2829 est,
1275 2771 1302 2817 ct
1316 2762 1444 2833 praesciri.
1460 2771 1489 2817 et
1511 2761 1610 2827 iacere,
1626 2772 1654 2817 ot
1668 2762 1778 2832 eligere,
1790 2773 1815 2819 et

194 2833 377 2889 descendimus
390 2846 476 2886 massa
491 2830 615 2886 damnata
636 2841 697 2897 est;
722 2835 811 2889 imitus
825 2837 857 2888 ile
880 2833 979 2889 duritia
1029 2834 1197 2904 prescientia
1209 2849 1257 2889 sua
1272 2831 1706 2901 incommutabiliterpermanente
1720 2833 1815 2900 eligere

194 2919 251 2969 sua,
262 2903 350 2958 nullus
364 2902 397 2957 de
411 2916 490 2971 poetia
503 2916 550 2955 sua
565 2904 692 2970 conqueri
704 2902 812 2969 audeat,
827 2919 885 2973 quae
898 2904 978 2957 ctiam
1029 2903 1164 2959 iaciendos
1178 2920 1184 2955 :
1200 2917 1268 2972 qnos
1282 2901 1403 2957 lactarus
1420 2903 1507 2955 luerat
1523 2899 1681 2968 eligendos:
1697 2902 1815 2972 baec1qui-

193 2990 246 3028 nnis
273 2971 451 3028 existentibus
471 2971 591 3041 peccatis
619 2973 749 3043 propriis,
774 2973 831 3027 sola
852 2972 979 3028 nascendi
1029 2974 1102 3038 dem,
1118 2980 1249 3054 quatitum
1262 2970 1812 3044 adlideiregulamlieoillumiuauteprtc

193 3042 348 3098 conditione
368 3040 492 3095 debetur.
515 3039 592 3108 Quod
618 3058 682 3097 vero
697 3040 767 3096 lieris
790 3043 979 3113 aliisgratuita
1028 3042 1100 3099 dicta
1113 3050 1177 3097 sint.

194 3112 337 3169 vocatione
349 3109 499 3175 conversis,
512 3109 722 3167 misericordiam
746 3112 857 3180 largitur
879 3112 980 3168 indebi·
1065 3111 1130 3167 Cur.
1142 3128 1178 3166 ιι.
1192 3111 1245 3167 Sed
1256 3110 1313 3181 juin
1324 3111 1404 3168 video
1413 3110 1476 3181 quid
1486 3111 1569 3168 etiam
1582 3110 1646 3168 binc
1655 3110 1817 3169 calumniose

192 3193 259 3246 tam,
275 3197 328 3236 non
343 3180 377 3235 ad
391 3178 599 3262 dispensationis
610 3181 751 3246 iustitiam.
768 3182 815 3237 sed
831 3182 864 3235 ad
879 3182 981 3236 donan-
994 3190 1017 3251 ρ
1032 3182 1150 3252 pravitas
1164 3181 1249 3250 possit
1269 3197 1416 3249 opponere.
1430 3180 1557 3252 Sequitur
1571 3183 1652 3245 enirn,
1669 3192 1698 3236 ut
1720 3181 1744 3238 si
1771 3196 1816 3238 eos
1863 3193 1868 3205 ·

192 3252 228 3307 tis
241 3249 516 3307 misericordissimam
536 3250 686 3319 largitatem
706 3250 785 3321 (alios
804 3249 978 3321 libertatem),
1031 3267 1100 3322 quos
1122 3249 1332 3321 pradestinavit,
1348 3251 1409 3305 illos
1431 3261 1459 3304 et
1487 3252 1642 3315 vocarit,et
1655 3251 1677 3306 si
1692 3265 1816 3322 eosquos

193 3321 315 3377 veritatis
326 3320 432 3375 rutinae
446 3316 614 3373 referendum
629 3331 681 3377 est.
696 3321 737 3373 An
755 3321 863 3377 audebit
876 3321 981 3376 debitor
1033 3320 1147 3386 vocavit,
1162 3321 1223 3375 illos
1245 3329 1273 3374 et
1293 3319 1447 3388 justiiicavit
1463 3318 1550 3389 (Rons.
1567 3336 1621 3384 ιιιι,
1635 3320 1691 3391 50),
1705 3322 1750 3390 qui
1771 3336 1816 3375 vict

192 3391 353 3449 creditorem
369 3388 517 3458 iniquitatis
531 3404 653 3461 arguere,
678 3391 700 3444 si
716 3390 794 3444 alteri
818 3391 931 3454 donans,
947 3390 981 3444 ab
1031 3389 1289 3461 praedestinatianae
1304 3391 1402 3454 vocati,
1417 3403 1449 3443 ac
1471 3405 1520 3458 per
1539 3391 1590 3446 linc
1612 3390 1664 3445 n'ec
1683 3387 1816 3457 justificat¹

192 3461 312 3531 eoquod
326 3460 441 3515 debebat
455 3459 596 3582 exaperit?
618 3459 647 3514 Si
660 3474 725 3528 ergo
740 3461 810 3514 iuter
827 3468 982 3515 contractus
1032 3468 1104 3523 sont,
1116 3460 1150 3513 ab
1164 3459 1237 3513 omni
1250 3459 1330 3527 culpa
1342 3457 1458 3514 debeant
1473 3473 1534 3513 esse
1550 3461 1716 3522 innocentes,
1734 3458 1816 3527 injus·
1903 3469 1906 3472 ’

193 3533 332 3587 bantinum
359 3528 448 3584 nulius
461 3543 495 3599 et
519 3545 562 3583 toc
582 3529 874 3599 prescriptionistncos
887 3536 938 3593 est,
953 3538 983 3581 ut
1031 3536 1112 3597 teque
1138 3528 1172 3583 ab
1195 3529 1235 3583 cis
1257 3542 1309 3597 pro
1323 3529 1385 3582 vitae
1404 3527 1537 3596 pravitate
1559 3536 1707 3592 transactae,
1724 3529 1750 3583 in
1773 3528 1816 3584 iiic

193 3616 253 3656 ase
265 3604 337 3657 dicat
349 3599 455 3654 debitor
466 3597 565 3666 injuste
578 3599 659 3668 exigi,
674 3600 737 3667 quia
751 3600 803 3654 scit
815 3597 892 3653 alteri
907 3596 982 3651 debi·
1032 3597 1175 3665 agnitionis
1198 3598 1241 3651 die
1267 3597 1321 3650 sint
1347 3596 1479 3665 poscenda
1504 3597 1645 3667 supplicia.
1667 3597 1750 3652 liicat‘
1763 3597 1816 3652 istit

193 3671 248 3726 tori
271 3670 306 3725 ab
329 3669 425 3725 eodem
447 3668 520 3739 quod
542 3669 659 3722 debebat
681 3669 815 3724 creditore
832 3670 981 3731 donatum;
1033 3663 1807 3737 Paulusapnstnlus,Nunqaidiuiqaitosapmtlteum(liom

192 3740 255 3809 quis
266 3741 292 3794 in
307 3746 407 3794 tantam
423 3737 554 3793 insaniant
568 3736 686 3807 prolanae
708 3740 781 3793 vocis
795 3746 930 3806 erumpat,
954 3746 984 3790 ut
1033 3751 1070 3798 tx,
1087 3734 1145 3803 tttt
1157 3736 1255 3790 Statim
1277 3737 1334 3806 ipse
1357 3737 1529 3806 respoudeat,
1540 3737 1621 3790 Absit.
1636 3733 1757 3805 Curiique
1769 3737 1816 3791 bos

193 3810 332 3878 injustitie
349 3809 435 3863 Deum
460 3815 564 3874 arguat,
580 3808 602 3864 si
617 3808 661 3862 uni
677 3807 822 3863 indebitam
844 3804 984 3863 donaverit
1033 3805 1114 3862 luerit
1124 3808 1150 3859 in
1165 3805 1280 3861 bominis
1294 3813 1384 3860 metite
1394 3821 1459 3860 sana
1474 3806 1574 3876 pietate
1587 3805 1736 3871 laudatum,
1748 3807 1817 3872 quoe

192 3881 318 3949 gratiam,
333 3878 410 3933 alteri
426 3877 571 3933 reddiderit
582 3877 698 3933 debitam
712 3877 841 3947 poenami
1033 3876 1106 3930 nulla
1123 3875 1157 3930 sit
1171 3874 1297 3942 iniquitas
1320 3875 1389 3944 apud
1415 3872 1509 3940 Deum,
1525 3876 1560 3929 ita
1585 3873 1722 3941 intelligat,
1741 3874 1817 3944 duim

229 3948 293 4005 Cur.
309 3965 345 4005 ιι.
360 3948 451 4017 ltaque
465 3963 500 4001 cx
515 3948 647 4019 superiori
670 3948 749 4016 buius
771 3954 847 4016 parte
870 3954 981 4000 senten·
1034 3946 1087 3998 uait
1118 3946 1269 4009 miseretur,
1297 3953 1323 3999 et
1346 3960 1420 4016 quem
1441 3945 1494 3999 ruit
1511 3945 1617 3999 indurat
1639 3942 1732 4014 (tota,
1762 3945 1817 4012 lig

192 4019 249 4083 tim,
264 4034 324 4089 quae
334 4019 398 4073 dicit
414 4036 420 4070 :
436 4016 516 4087 Citius
528 4018 581 4072 vult
602 4019 748 4084 miseretur,
780 4024 826 4070 uto
840 4015 911 4084 quod
924 4014 983 4068 nul·
1034 4016 1110 4084 qnasi
1118 4015 1220 4070 diceret
1232 4034 1239 4068 ι
1251 4013 1331 4082 Cujus
1343 4014 1401 4068 vult
1409 4014 1561 4080 miseretur,
1573 4025 1600 4070 ct
1612 4016 1688 4084 cujus
1699 4029 1753 4068 uon
1764 4017 1818 4069 vult

193 4086 297 4143 lusnisi
312 4088 435 4152 indignus
448 4087 628 4143 misericordia
640 4087 737 4141 audeat
769 4087 895 4156 isputare.
908 4083 987 4151 Quod
1035 4099 1088 4139 non
1103 4087 1254 4140 miseretur.
1269 4084 1389 4152 itemque
1403 4084 1455 4139 boc
1474 4085 1561 4153 ipsum
1575 4100 1667 4139 rursus
1680 4084 1818 4151 intelligat,

194 4172 261 4213 vero
273 4158 394 4228 sequitur
409 4176 415 4210 ε
432 4154 513 4222 Quem
532 4159 585 4213 uait
607 4157 721 4220 indurat,
738 4156 774 4211 ibi
784 4155 920 4225 paululum
935 4154 985 4208 bu·
1035 4156 1111 4224 qnasi
1124 4155 1258 4211 diceretur
1274 4172 1280 4207 :
1296 4154 1344 4209 Cui
1359 4152 1416 4207 vult
1430 4153 1522 4219 donat,
1539 4162 1594 4208 eto
1612 4168 1666 4222 quo
1681 4154 1737 4207 vult
1747 4153 1815 4208 debi-

193 4242 282 4283 maoe
308 4228 407 4283 mentis
429 4228 542 4282 intentio
564 4228 640 4283 uerbi
658 4227 779 4284 novitate
802 4224 984 4280 contunditur.
1036 4234 1091 4279 tum
1106 4227 1202 4294 poscit.
1217 4222 1296 4291 Quod
1309 4223 1354 4292 qui
1368 4223 1459 4278 dicere
1472 4231 1627 4292 perseverat
1640 4222 1776 4291 injustum,
1788 4226 1818 4280 al·

193 4294 251 4352 Sed
265 4313 319 4352 ιιοιι
333 4298 371 4352 ita
381 4297 582 4365 intelligendum
597 4303 648 4362 est,
662 4296 737 4366 quasi
753 4295 824 4349 lleus
835 4295 863 4349 in
876 4293 986 4349 hortuna
1036 4294 1165 4362 Apostolo
1174 4294 1275 4355 audiat,
1291 4292 1314 4347 0
1334 4294 1419 4357 bomo,
1430 4302 1457 4347 tu
1480 4294 1537 4365 quis
1553 4310 1579 4348 es
1603 4293 1645 4363 qui
1667 4293 1820 4363 respondeat

194 4366 281 4436 ipsam
313 4381 417 4423 usenan
434 4376 507 4423 esset
524 4366 649 4422 duritiam
663 4364 751 4421 cordis
765 4372 900 4436 operetur.
916 4362 986 4430 Quid
1036 4364 1090 4417 lico
1106 4364 1201 4435 (ibid,
1218 4362 1279 4433 illl?
1301 4361 1426 4431 Congrue
1440 4363 1570 4431 siquidem
1593 4362 1745 4441 biniusmodi
1770 4363 1816 4415 ivn-

193 4436 268 4491 enim
280 4383 352 4491 ailad
365 4444 408 4492 est
419 4437 525 4498 duritia,
541 4452 621 4504 quam
636 4435 684 4490 Dei
700 4434 811 4490 obviare
831 4432 986 4488 inlaudatisi
1036 4435 1164 4502 pietatem
1187 4432 1335 4504 apostolica
1361 4433 1535 4512 reprehendit
1548 4441 1705 4491 auctoritas,
1719 4439 1819 4486 ιιιιιιι

194 4503 273 4561 Unde
296 4505 361 4561 iliud
384 4506 479 4561 beatus
501 4507 652 4575 Stephanus
665 4505 773 4559 dicebat
785 4503 819 4557 ad
833 4519 867 4571 pn
888 4504 982 4557 ulum:
1036 4503 1070 4557 de
1096 4502 1303 4571 exaggeratione
1324 4517 1464 4555 nominum
1485 4500 1588 4573 pontius
1601 4501 1743 4561 incutiens,
1759 4516 1819 4555 euru

197 4575 270 4629 [istra
282 4576 388 4636 cauce,
403 4584 429 4629 et
438 4593 490 4630 trors
504 4576 656 4630 circstmct'so
671 4574 759 4638 corde,
773 4583 798 4627 et
812 4520 927 4634 curtim,
941 4588 984 4626 oos
1001 4542 1110 4637 Dulcis,
1125 4570 1243 4633 Obarito,
1256 4581 1282 4623 tu
1292 4571 1348 4675 quis
1359 4587 1387 4624 es
1397 4572 1440 4641 qui
1449 4569 1604 4639 respondeas
1617 4568 1691 4624 Deo?
1704 4568 1726 4623 0
1739 4569 1818 4624 b'omc

193 4662 297 4713 semper
310 4645 422 4712 Spiritui
439 4644 536 4700 sancto*
552 4645 671 4699 resistitis
683 4644 751 4714 (Aet.
765 4658 811 4705 ιιι,
828 4638 882 4709 st).
899 4640 985 4706 Quam
1035 4640 1100 4699 Deo.
1113 4642 1196 4695 lutum
1212 4640 1307 4707 ligurio.
1325 4638 1467 4709 Subiunxit
1480 4640 1551 4694 enim
1573 4637 1643 4694 idem
1658 4639 1818 4709 apostolus:

217 4716 242 4769 ui
265 4714 352 4769 aueo
373 4711 431 4769 steri
454 4723 551 4783 putat..
563 4721 674 4786 propter
695 4711 767 4781 quod
787 4712 888 4767 dictum
909 4721 951 4763 est
975 4727 983 4761 ι
1035 4708 1160 4781 Numquid
1169 4710 1230 4763 dicit
1239 4709 1389 4780 fiqnceatam
1399 4710 1424 4763 ei
1434 4712 1476 4781 qui
1487 4710 1620 4779 retinxit:
1633 4707 1719 4771 Quare
1732 4709 1770 4761 ric
1781 4726 1818 4763 nst

238 4801 279 4838 em
292 4782 346 4838 nott
359 4784 476 4852 indurat,
492 4784 577 4854 ipsum
602 4781 827 4853 praevaricationis
851 4779 985 4834 intueatur
1036 4780 1186 4849 iecistiidn
1204 4796 1256 4833 uois
1269 4778 1345 4832 tutet
1361 4789 1513 4848 potestatem
1523 4781 1617 4851 piperius
1631 4779 1678 4832 iuti
1688 4793 1720 4831 ea
1732 4780 1819 4834 eadem

194 4851 349 4919 exordium,
376 4859 406 4907 ct
426 4853 482 4908 beo
505 4854 624 4909 donante
651 4852 815 4917 mandatum,
843 4865 892 4919 per
913 4849 985 4916 qumi
1035 4865 1122 4903 masaa
1136 4850 1221 4920 [acere
1234 4844 1307 4903 atiud
1321 4849 1423 4920 quidem
1435 4866 1479 4903 aas
1494 4851 1663 4911 indoctiorem,
1678 4846 1750 4901 aliud
1763 4865 1819 4904 cerr

194 4922 416 4991 transgressionis
425 4924 467 4978 cul
487 4922 567 4977 amin
579 4921 748 4978 cordciuerit
765 4927 987 4990 operatusatteu-
1034 4917 1423 4987 incontumeliamlio.,2l)?Si
1434 4918 1654 4988 ergobabet,imo
1668 4919 1819 4988 quiabaliet

193 4993 252 5057 dat,
264 4992 388 5061 quamvis
408 5007 442 5047 no
503 4993 560 5062 ipso
580 4992 700 5062 quidem,
714 4992 738 5046 si
757 4999 868 5058 negaret
893 5003 985 5044 assen-
1035 4996 1197 5057 potestatem
1212 4989 1306 5059 ligulas
1323 4988 1370 5044 luti
1384 4988 1624 5045 lacereeteadem
1636 5002 1734 5052 massa,
1749 4989 1819 5045 aliud

194 5061 368 5131 sum‚potuit
382 5068 516 5117 tentatore
529 5059 742 5130 compellilirgo
754 5057 883 5130 quidquid
895 5058 986 5126 quoad
1035 5058 1143 5127 quidem
1154 5059 1182 5114 in
1196 5060 1336 5121 innuerem,
1355 5057 1427 5113 aliud
1446 5073 1510 5114 vero
1529 5059 1555 5112 in
1578 5057 1781 5125 coutumeliam,
1804 5074 1820 5114 0

194 5131 271 5187 illam
285 5130 530 5199 prevaricationem
544 5138 623 5187 natus
643 5130 766 5255 supplicii
780 5129 862 5185 bonno
874 5128 984 5197 patitur,
1036 5130 1128 5196 tremo,
1143 5136 1172 5184 tu
1185 5130 1282 5200 quises
1306 5128 1352 5199 qui
1363 5126 1751 5198 respondeasllen,quiacujus
1764 5127 1819 5183 vult

193 5200 270 5270 juste
280 5199 355 5255 reddi
368 5201 519 5270 meritoque
532 5200 658 5254 latratur.
684 5200 809 5254 udurarc.
820 5198 892 5253 enim
915 5197 986 5252 lleus
1036 5197 1178 5255 miseretur
1190 5207 1310 5266 atquem
1337 5198 1394 5253 vult
1416 5197 1539 5252 indurat?
1552 5195 1606 5251 Sed
1618 5200 1773 5267 priusquam
1788 5198 1819 5252 ad

197 5268 297 5326 dicitnr
310 5283 382 5335 eum,
395 5283 475 5338 quem
489 5269 595 5325 nrollire
607 5268 732 5324 noluerit.
748 5267 793 5324 Sic
808 5269 889 5323 etiam
900 5281 988 5322 etec-
1038 5267 1187 5337 inttjusmodi
1214 5267 1412 5323 conclusionem
1434 5266 1529 5323 beatus
1545 5266 1689 5334 Apostolus
1702 5267 1818 5335 disputa-

196 5353 262 5395 care
271 5339 450 5405 dicitureum,
461 5354 541 5408 quem
552 5338 703 5393 illuminare
716 5336 840 5403 tioluerit.
853 5336 987 5392 Sicetiom
1039 5338 1117 5393 tionis
1129 5336 1223 5392 ordine
1236 5337 1400 5407 perueniret,
1412 5336 1464 5392 hoc
1484 5337 1650 5407 potissimum
1667 5337 1702 5392 de
1719 5338 1818 5392 veteri·

196 5408 330 5477 repellere
339 5423 405 5469 eum
414 5423 494 5477 quem
507 5422 604 5463 vocare
617 5407 741 5462 innituerit.
758 5405 828 5471 Quos
840 5407 910 5461 enim
924 5423 990 5475 pra·
1038 5408 1087 5463 bus
1101 5407 1195 5462 litteris
1208 5408 1321 5475 sumpsit
1333 5406 1504 5476 exemplum,
1520 5406 1547 5461 in
1558 5421 1613 5476 quo
1625 5406 1819 5469 indurationem

198 5477 347 5543 destinarit,
361 5478 455 5532 iitnset
469 5480 580 5532 uocauit:
593 5485 691 5548 etquos
702 5479 809 5540 uocauit,
822 5478 881 5531 iiior
888 5476 988 5557 justili—
1039 5491 1098 5602 ἓιιιι
1115 5490 1131 5530 a
1152 5475 1208 5530 Deo
1233 5476 1289 5539 lieri
1313 5475 1420 5538 dicitur,
1438 5477 1563 5532 edoceret
1589 5493 1596 5529 :
1619 5474 1699 5540 Dicit,
1724 5476 1819 5547 inquit,

192 5548 267 5607 ‚cauit
277 5545 365 5617 (Rom.
377 5562 433 5609 vut,
446 5545 502 5619 ou).
512 5546 572 5618 lpse
581 5547 652 5603 enirn
662 5545 737 5603 dedit
746 5555 775 5603 ut
783 5547 877 5613 simus,
888 5562 947 5616 ipsc
959 5554 987 5601 ut
1062 5547 1176 5614 criptura
1186 5545 1321 5600 Piarnoni
1334 5564 1343 5604 .·
1356 5547 1424 5612 Quia
1433 5547 1461 5601 in
1473 5546 1520 5601 itae
1529 5549 1614 5617 ipsum
1626 5547 1735 5601 excitaui
1750 5556 1782 5610 te,
1793 5560 1819 5601 ut

199 5616 264 5672 boni
274 5631 334 5672 esse
346 5618 489 5687 possimus.
1037 5614 1169 5679 osteadens
1179 5616 1207 5671 in
1216 5625 1240 5671 te
1248 5617 1365 5670 mrtutem
1378 5632 1469 5677 ineam,
1479 5625 1503 5671 et
1516 5625 1544 5671 ut
1552 5619 1715 5671 annuntietur
1729 5633 1819 5673 nautea

236 5682 300 5742 Cur.
315 5703 341 5741 r.
356 5686 494 5744 Praescinit
511 5688 582 5744 enim
602 5689 906 5759 nosejusdivinitas,sa
928 5688 986 5743 ien·
1038 5700 1122 5740 meatu
1146 5686 1174 5740 in
1194 5687 1313 5741 uniuersa
1332 5695 1401 5740 terra
1429 5685 1521 5753 illvm..
1540 5686 1588 5750 ll;
1607 5685 1694 5743 Ecod.
1710 5703 1747 5750 rx,
1764 5686 1818 5754 ibt.

200 5755 238 5811 tia
249 5755 377 5822 condidit,
388 5755 492 5826 justitia
505 5757 651 5826 damnavit,
662 5761 746 5829 gratia
761 5760 892 5815 liberarit.
908 5705 985 5812 imn-
1035 5755 1178 5811 indurasse
1189 5763 1278 5812 autem
1303 5770 1353 5812 cor
1371 5754 1430 5823 ejus
1450 5754 1521 5812 bens
1533 5756 1561 5812 in
1576 5757 1670 5813 eadem
1683 5758 1818 5826 Scriptura

196 5823 252 5898 ,dus
260 5825 656 5899 eoimquansvisprotemporo
669 5827 866 5899 quuolactus
878 5837 918 5889 est
933 5843 987 5885 cco-
1037 5825 1205 5898 apertissime
1226 5825 1343 5893 dicitur,
1363 5839 1424 5882 cum
1451 5825 1536 5898 liopsi
1557 5826 1591 5885 dc
1613 5827 1695 5899 sigma
1714 5840 1774 5896 quac
1792 5827 1819 5884 in
