4152 6344
182 380 234 437 titt
878 373 994 437 seittitt
1012 374 1116 437 LXXV.

182 499 251 561 tiro,
275 505 304 552 at
342 498 506 569 epiissinio,
522 499 631 569 beoque
645 498 778 571 placente,
799 508 838 564 ct,
867 498 969 568 utplus
984 506 1083 562 heere
1107 497 1258 554 uariuitem.
1278 494 1362 553 Sedet
1392 493 1418 553 iii
1442 491 1503 554 liliis
1525 497 1632 570 requies
1656 505 1813 573 parentibus

181 565 314 631 dieam‚C
336 568 391 625 risti
422 578 525 635 aiente,
541 569 567 624 in
579 584 635 640 quo
645 578 674 625 et
686 567 801 638 justitia,
815 579 844 624 et
858 569 967 637 veritas,
1022 567 1106 634 nasci,
1130 567 1172 623 vei
1190 580 1285 623 eorum
1310 567 1482 624 incrementis
1500 569 1654 639 jocunditas
1677 577 1812 646 ampliari,

181 649 210 694 et
224 638 320 708 pietas,
335 646 362 694 et
382 587 481 695 Ciristi
501 640 601 696 caritas
624 639 785 696 cntinentius
808 640 968 702 nitescebat,
1020 653 1146 693 curarum
1160 636 1237 693 labor
1257 637 1347 691 adulta
1362 638 1456 694 sobole
1469 638 1583 706 deliniri,
1599 652 1625 696 ιι
1640 646 1812 703 successione

180 708 228 777 qut
238 722 301 764 utrm
315 707 444 764 adversus
457 710 630 765 adversantes
650 718 843 780 provocaretur
856 708 890 764 ad
903 724 971 780 priu-
1021 707 1166 764 liberorum
1177 707 1324 778 paternitas
1337 706 1480 764 sutilevari.
1492 708 1570 764 iiova
1585 712 1611 765 in
1627 711 1743 770 dbsalon
1759 712 1814 770 diiii

180 778 258 842 lituu,
280 779 366 834 oeulis
384 778 483 835 erectis
502 779 537 852 gd
549 782 658 841 uoeluru.
675 794 729 836 nori
749 778 784 835 de
804 794 853 836 sua
872 779 970 834 ιιιιιιιι
1021 776 1105 833 David
1120 777 1224 833 eversio
1239 775 1411 845 malignitatis
1425 778 1617 849 incurritque
1631 798 1685 837 non
1699 786 1812 855 auritio,

181 849 369 920 presumebat,
381 849 428 904 ted
442 858 622 921 presumptive
642 849 678 905 de
697 864 746 905 stra
761 848 925 911 innocentia,
944 857 972 904 ct
1020 847 1070 904 sed
1083 848 1109 902 iu
1123 847 1275 903 vastatione
1293 847 1334 900 sni
1348 849 1454 915 generis
1473 849 1600 906 adolevit.
1615 851 1698 920 Cujus
1717 854 1813 911 imma»

180 919 215 974 de
228 917 327 973 Christi
338 917 442 987 justitia
453 919 561 976 humilis
574 920 718 984 clamabat,
730 918 812 983 Duas,
824 919 852 974 iu
866 919 971 990 adjuto·
1022 918 1113 972 nitatis
1133 916 1273 972 historiam
1296 916 1387 972 dicere
1407 918 1501 973 liniret
1525 921 1639 985 animus,
1666 938 1700 978 nu
1722 936 1815 995 patres

181 990 248 1043 sium
257 1005 340 1045 aueum
349 988 462 1044 intrude.
471 987 969 1061 llomiite,aduilp'iiaaudummc[ustitia.
1022 987 1153 1058 poeniteat
1166 1000 1318 1056 gerierasse.
1338 986 1397 1042 Non
1416 1003 1521 1043 sacrum
1545 991 1617 1047 huuc
1639 1002 1749 1049 reuocat
1764 1012 1815 1049 no·

181 1055 382 1130 Consuadoutar
395 1066 420 1113 lt
433 1056 706 1115 reieremtturi'iiimici
717 1060 777 1126 mei,
798 1059 841 1131 qui
854 1069 972 1130 querant
1022 1072 1099 1123 nien,
1115 1072 1169 1113 non
1183 1057 1339 1111 nutrimenti
1354 1071 1417 1111 eitra
1432 1060 1506 1112 venit
1527 1060 1553 1114 iu
1568 1070 1705 1129 mentem,
1721 1074 1749 1118 ct
1763 1080 1813 1135 pro

181 1129 296 1182 animam
306 1145 401 1193 meaos,
411 1138 438 1183 at
448 1132 569 1201 auferant
580 1146 648 1186 eum.
660 1131 970 1193 dtertaittarretrorsuia,
1024 1134 1099 1182 tanto
1117 1140 1228 1183 munere
1242 1127 1365 1197 persequi
1380 1127 1469 1183 didicit
1485 1131 1635 1197 genitorem
1650 1150 1657 1184 z
1670 1132 1750 1201 iregit
1764 1152 1811 1190 uii-

180 1198 601 1283 etcoufauilanturquiqitoeruitt
613 1198 880 1270 miliimalali'saim.
897 1216 971 1267 tais,
1023 1196 1255 1280 piditasildein,ct
1269 1196 1333 1252 vicit
1351 1197 1463 1252 avaritia
1474 1201 1625 1256 caritatem.
1637 1199 1707 1258 Proh
1724 1204 1812 1261 neiasi
1866 1240 1871 1259 i

180 1266 290 1339 incipi.
304 1267 338 1323 Et
360 1268 456 1340 adepta
470 1271 600 1332 victoria,
617 1266 680 1334 Quis
696 1268 766 1323 aas
779 1280 874 1339 proto
889 1268 972 1324 deant
1024 1267 1105 1339 nupia
1118 1281 1198 1322 nianu
1212 1266 1282 1322 illius
1295 1266 1402 1337 pulsat,
1415 1266 1449 1322 de
1468 1285 1522 1339 quo
1533 1271 1582 1325 sihi
1617 1281 1675 1328 ater
1688 1274 1813 1330 solatium

180 1339 319 1393 nostrum?
333 1337 403 1394 Deus
417 1340 461 1409 qai
474 1339 663 1422 precinaitme
677 1340 769 1394 uirtute
783 1338 818 1393 al
829 1338 931 1401 tellum.
947 1349 972 1393 et
1024 1337 1208 1409 promittebat.
1223 1335 1307 1404 Quem
1322 1352 1383 1392 enin
1407 1338 1433 1392 iii
1457 1340 1538 1396 vitale
1558 1341 1585 1395 iii
1616 1358 1649 1397 cii
1676 1353 1813 1400 maternus

180 1409 356 1478 supplantavit
370 1425 458 1464 omnes
471 1410 589 1465 iniuiicos
599 1426 669 1465 meos
680 1408 767 1475 (l'sal.
779 1425 842 1468 attii,
858 1409 901 1474 is,
914 1410 969 1478 aa).
1024 1415 1116 1465 uterus
1128 1406 1303 1489 profudisset,
1327 1407 1440 1464 novellae
1458 1412 1545 1466 {utatis
1557 1426 1612 1467 suec
1627 1421 1707 1469 tanco
1721 1415 1813 1485 primis

180 1474 327 1543 Etiteruiu,
336 1476 525 1550 Omnespeiites
539 1479 761 1535 circuatdeilsrttut
770 1488 853 1544 atomi
868 1481 972 1535 nomine
1022 1478 1150 1548 auspiciis
1173 1478 1305 1545 gaudebat
1326 1479 1432 1534 nescios
1445 1489 1532 1549 pater,
1546 1483 1665 1552 requiem
1676 1496 1772 1555 putatis
1785 1486 1811 1540 iii

182 1545 290 1602 bantini
303 1550 372 1603 ιιιιιιι
396 1567 454 1604 saut
476 1550 504 1604 iu
525 1567 569 1604 eoi
584 1548 676 1622 (Psal.
691 1565 772 1613 carii,
789 1549 844 1619 ibt.
856 1549 969 1615 Videtis,
1023 1547 1078 1604 illio
1091 1548 1250 1617 suscepisse.
1265 1545 1351 1602 Lubet
1364 1549 1435 1604 hune
1448 1552 1552 1607 eusitius
1566 1554 1724 1621 observari,
1741 1555 1815 1611 lubet

181 1615 280 1673 iratres
302 1620 364 1683 uici,
381 1634 462 1688 quani
481 1619 568 1688 major
581 1630 623 1676 est
635 1634 743 1691 semper
754 1619 907 1677 iiinoccntia
920 1637 970 1702 pu·
1023 1618 1125 1687 ingenti
1135 1632 1207 1700 cura·
1216 1617 1322 1683 nutriri,
1345 1619 1524 1690 imputaturus
1542 1633 1635 1693 postca
1661 1626 1811 1681 caritatem.

180 1687 280 1751 sitatis,
294 1702 375 1757 quam
399 1689 532 1745 malitiosa
554 1689 683 1745 fortitudo
702 1690 808 1746 virtutis
822 1707 829 1743 ε
845 1704 970 1760 quoniam
1022 1687 1122 1757 Amat,
1135 1687 1230 1755 diligit,
1245 1698 1272 1743 et
1284 1689 1427 1757 observat,
1438 1700 1534 1759 putans
1544 1694 1606 1763 quia
1617 1694 1700 1750 liliam
1714 1709 1814 1765 gentic-

180 1757 210 1811 r'n
221 1757 374 1813 meletolum
386 1760 500 1813 animatu
513 1776 565 1815 nou
585 1760 701 1815 introibit
719 1761 849 1830 sapientia
862 1760 939 1831 (Sap.
950 1776 970 1827 t,
1022 1767 1075 1828 rat,
1090 1757 1303 1827 amplectebatur
1317 1757 1433 1817 laturum
1455 1763 1614 1831 parricidam
1627 1765 1732 1833 genitor
1743 1765 1812 1835 pius.

180 1827 221 1897 l).
236 1826 276 1883 iix
296 1844 344 1885 ore
361 1830 432 1883 etiiiii
446 1830 586 1884 intantiunt
613 1839 640 1885 et
663 1830 820 1887 lactentium
835 1830 970 1900 perieristi
1022 1825 1199 1886 Oseulabatur
1221 1828 1378 1896 sacrilegum
1416 1838 1475 1886 atcr
1489 1833 1639 1902 religiosus,
1665 1847 1693 1891 et
1716 1836 1814 1891 intutis

180 1895 287 1979 latidum
308 1897 397 1967 (Psoi.
414 1915 467 1965 riti,
490 1900 534 1966 ὅ),
548 1914 631 1970 super
644 1915 743 1981 pueros
755 1899 900 1956 beliatores
913 1916 971 1955 ma·
987 1883 1144 1980 ¹3cladibus
1169 1898 1290 1979 quotidie
1309 1847 1442 1968 gandeiat
1462 1900 1578 1969 ignarus.
1594 1904 1666 1960 'Nam
1685 1921 1746 1962 curii
1762 1906 1814 1961 iste

179 1981 266 2036 parem
293 1966 414 2023 iecerunt
437 1970 598 2024 claritatem.
619 1969 754 2037 Qiiantuui
773 1970 888 2027 interest
902 1970 991 2026 inter
1023 1969 1057 2024 ab
1070 1983 1148 2023 annis
1169 1968 1314 2039 puerilibus
1333 1972 1528 2028 conscenderet
1541 1989 1646 2042 susum,
1659 1976 1812 2032 iinniaiiita·

175 2035 287 2094 Goliam
301 2047 329 2092 et
342 2038 451 2093 beatum
464 2038 565 2095 Dauid?
577 2038 625 2095 liic
635 2039 752 2109 jitveiiis.
768 2041 819 2098 iste
833 2040 970 2111 parvulas.
1023 2047 1078 2095 tem
1092 2039 1166 2108 prius
1178 2038 1299 2092 exhibuit
1319 2052 1398 2108 quam
1410 2038 1580 2111 obsequium.
1601 2044 1679 2114 Narin,
1695 2054 1724 2099 ut
1736 2046 1814 2113 liujus

180 2105 361 2175 liebertum,
378 2109 527 2165 tuconiam
541 2109 702 2181 pastoritio
723 2111 849 2166 tundebat
867 2125 969 2175 arcum,
1023 2108 1208 2163 immanissimi
1232 2108 1377 2178 primordia
1402 2124 1569 2177 tricatiorum,
1595 2131 1649 2170 iton
1676 2126 1812 2170 transeam

181 2175 234 2232 istu
249 2176 362 2247 parabat
375 2179 548 2248 satiperium,
561 2181 674 2250 simplex
688 2181 716 2235 iii
731 2180 837 2244 alicula,
853 2181 899 2237 sed
914 2196 971 2236 ιιι-
1022 2178 1143 2246 gertiiani
1165 2176 1265 2232 funeris
1279 2177 1438 2246 orbitatem,
1453 2196 1605 2249 quamcum
1619 2186 1724 2241 violatae
1738 2202 1815 2240 soro·

182 2243 260 2302 lestis
273 2247 402 2314 inscissa,
417 2248 465 2305 sed
479 2249 512 2305 de
527 2249 579 2306 iilis
593 2251 684 2320 pueris
697 2250 743 2318 qui
758 2250 902 2306 laudabant
917 2248 970 2305 lio·
1022 2249 1060 2304 ris
1073 2245 1174 2316 llagitat
1187 2246 1327 2313 ultionem,
1342 2261 1391 2317 per
1404 2248 1550 2306 fraternam
1565 2253 1665 2309 candem
1688 2255 1752 2311 iecit
1766 2258 1815 2310 itur

180 2317 284 2372 mitium
296 2333 398 2385 organo
410 2318 528 2386 pietatis.
540 2320 577 2374 De
586 2319 684 2389 quihus
697 2319 753 2389 ipse
767 2319 887 2381 dicebat,
902 2318 972 2374 bau·
1023 2318 1056 2373 ad
1068 2328 1171 2389 patrem
1187 2316 1231 2389 (ll
1244 2314 1309 2388 [ιιι.
1322 2333 1378 2382 siit,
1394 2318 1428 2373 ιθ
1440 2328 1464 2374 ιι
1478 2325 1554 2393 ιιι).
1570 2321 1652 2393 Cujus
1663 2325 1815 2383 calliditatis

178 2385 251 2450 date.
314 2387 511 2456 iiliaiitiiiuut,
532 2389 637 2444 ιιιιιιιιιι
653 2406 745 2445 noiiten
762 2388 866 2445 lloiuini
882 2391 969 2461 (l'rai.
1023 2390 1101 2460 peius
1114 2395 1156 2443 est
1168 2387 1289 2468 invenire
1300 2389 1449 2444 remedium
1463 2406 1543 2472 quain
1564 2395 1674 2449 secteris
1688 2396 1814 2450 eoniiuii·

179 2471 244 2525 usit,
287 2460 308 2581 ζ.
322 2456 418 2514 Pastor
431 2467 500 2525 erat,
525 2475 590 2515 oves
604 2461 745 2529 pascebat,
761 2459 809 2516 sed
832 2459 904 2515 licus
925 2459 971 2529 qui
1024 2466 1082 2515 tere
1105 2457 1291 2526 sacrilegium,
1316 2465 1345 2511 at
1363 2459 1396 2513 ad
1417 2459 1526 2530 impium
1550 2463 1648 2518 belluni
1672 2465 1746 2535 pacis
1763 2465 1813 2519 sibi

179 2527 265 2597 pascit
300 2529 381 2597 srael,
404 2530 545 2598 parvulum
560 2529 714 2599 adiuvabat,
731 2539 760 2585 et
773 2545 823 2601 pro
836 2529 971 2597 crinigero
1023 2527 1164 2583 adhiberet
1177 2526 1315 2582 auxilium.
1331 2525 1351 2581 F
1353 2528 1406 2584 ecit
1422 2546 1537 2600 uanique
1549 2533 1721 2599 cenuvium,
1736 2545 1815 2589 uocat

179 2610 230 2652 sao
244 2597 388 2653 innocente
412 2613 503 2654 coruus
526 2608 555 2654 et
577 2601 723 2667 imperator
745 2600 803 2671 ipse
826 2599 971 2670 pugnabat,
1023 2597 1130 2662 iratres,
1143 2605 1225 2652 vocat
1247 2596 1395 2664 iiicestum;
1411 2602 1550 2670 componit
1563 2604 1680 2668 vultum,
1693 2620 1726 2660 ne
1740 2605 1814 2659 color

179 2662 349 2737 Sariperium
364 2668 478 2735 terebat,
493 2670 539 2723 ubi
558 2669 634 2725 iactis
652 2670 792 2740 coagulata
804 2677 972 2726 sacramenta
1024 2666 1153 2739 proderet
1165 2666 1349 2732 bisuntium
1365 2671 1477 2739 apponit
1498 2673 1580 2727 etiarn
1603 2674 1708 2744 regales
1722 2674 1814 2744 epulas

181 2736 319 2807 portabat.
334 2735 373 2792 lbi
387 2747 415 2794 et
429 2738 532 2808 lapides
545 2740 664 2809 quinque
677 2737 790 2805 ferebat,
806 2747 835 2793 ut
853 2737 916 2796 inde
930 2739 973 2794 iau
1024 2746 1087 2794 ante
1101 2738 1218 2803 luctum;
1234 2745 1261 2793 et
1274 2752 1309 2793 ne
1322 2738 1367 2793 diii
1377 2739 1516 2796 dideratur
1526 2742 1634 2811 juvenis
1643 2744 1677 2800 ab
1691 2745 1750 2799 inec
1762 2753 1814 2808 uo,

179 2812 209 2861 et
222 2805 349 2877 lapidem,
363 2816 393 2862 ut
407 2816 484 2865 tetus
494 2818 522 2863 et
537 2825 635 2864 novum
651 2810 807 2867 ostenderet
819 2808 974 2867 Testatiicn·
1024 2809 1084 2882 plus
1096 2807 1255 2879 obsequitur
1267 2807 1385 2864 inimico.
1397 2808 1456 2865 lbat
1469 2827 1518 2882 per
1530 2814 1616 2882 spatia
1630 2814 1735 2880 danius,
1762 2814 1813 2867 istri

179 2882 247 2931 tum.
264 2874 318 2932 bac
331 2878 459 2948 parvulus
473 2879 593 2948 parvulis
609 2877 755 2948 bajulabat,
771 2888 800 2936 et
813 2880 840 2936 iii
854 2879 973 2949 quinque
1023 2893 1090 2952 pace
1105 2877 1272 2947 tranquillus,
1298 2878 1407 2935 sceleris
1430 2883 1580 2950 parturiens
1601 2891 1724 2955 tempus,
1736 2898 1815 2952 qiieiu

181 2942 206 2999 la
227 2944 315 3001 idibus
327 2947 445 3018 quinque
460 2949 543 3005 libros
557 2948 634 3018 legis
648 2963 710 3006 cum
723 2964 820 3020 magua
834 2964 899 3005 cura
912 2965 974 3020 por·
1023 2964 1084 3006 curn
1097 2948 1202 3003 videret
1218 2947 1345 3017 rinojam
1360 2948 1474 3019 plurimo
1489 2961 1651 3009 maturatum
1666 2954 1736 3010 iuter
1749 2954 1814 3008 uali-

179 2961 265 3083 uisa,
280 3025 308 3073 et
321 3018 420 3074 ettinde
433 3018 571 3075 inimicum
595 3035 649 3075 tion
664 3022 818 3089 pugnando.
833 3018 882 3076 sed
905 3033 972 3088 gau·
1024 3035 1071 3076 ces
1080 3017 1407 3141 etliitiaias·‚·propinavit
1421 3028 1449 3075 et
1461 3019 1571 3077 ferrum.
1587 3020 1620 3077 Et
1633 3025 1713 3094 quale
1724 3025 1814 3080 couvi·

179 3084 270 3143 tiendo
284 3088 455 3158 expugnabat
471 3089 557 3145 :vidit
572 3090 705 3156 inimicus,
720 3098 748 3147 ut
767 3090 872 3147 derisit.
887 3089 972 3145 Dauid
1023 3089 1097 3144 siunt
1123 3095 1171 3150 itit,
1188 3087 1231 3142 ubi
1243 3102 1282 3141 itu
1292 3088 1450 3158 obsequium
1465 3093 1589 3162 prebuit,
1604 3102 1632 3149 et
1643 3094 1720 3149 dolor
1736 3109 1814 3164 prau-

180 3157 450 3215 vero.tanctissinius
464 3158 540 3223 vidit,
554 3169 582 3214 et
596 3159 690 3216 oculos
701 3159 735 3215 ad
754 3158 852 3216 erulam
863 3160 971 3216 levavit.
1023 3158 1097 3215 diurn
1112 3158 1283 3228 procurarit?
1296 3158 1391 3214 Nescio
1405 3175 1474 3230 qnos
1488 3163 1593 3217 auimos
1612 3172 1705 3233 gerat,
1718 3164 1764 3234 qui
1779 3165 1815 3221 sit

180 3219 228 3281 hle
242 3227 430 3289 maledicebat,
446 3228 497 3284 istc
511 3237 601 3285 antctn
616 3230 721 3286 orabat.
736 3227 783 3286 lile
793 3232 973 3301 presumebat
986 3249 1007 3311 G
1024 3226 1160 3284 blanditur
1181 3236 1211 3282 ut
1230 3225 1324 3290 leriam
1340 3236 1387 3284 aut
1409 3231 1448 3286 sie
1462 3233 1638 3302 obsequitur,
1654 3243 1684 3289 ut
1699 3234 1815 3290 occidat.

180 3294 216 3351 ile
229 3295 386 3353 tortitudine
399 3312 458 3364 sua,
471 3309 500 3354 et
510 3300 620 3371 istepro
630 3298 712 3356 lsrael
721 3300 841 3363 dolebat,
853 3315 904 3372 pro
917 3316 973 3371 qno
1024 3296 1088 3354 Post
1109 3298 1166 3354 haec
1179 3310 1244 3367 ergo
1265 3297 1346 3369 impia
1361 3315 1427 3369 paee
1441 3308 1468 3357 ct
1484 3302 1615 3372 sacrilega
1628 3303 1763 3360 carnificis
1777 3304 1815 3359 ul·

180 3379 243 3422 surii
258 3365 521 3438 boiiiiiiuspugnare
544 3369 735 3440 compellebat.
750 3362 798 3428 tlte
813 3371 893 3426 librat
905 3386 971 3427 een·
1024 3369 1098 3424 tione
1126 3369 1260 3439 perimere
1284 3369 1378 3423 nititur
1401 3370 1545 3437 insontem,
1572 3383 1599 3428 ιι
1622 3374 1705 3443 (quod
1733 3373 1816 3443 pudet

181 3444 248 3500 tuni,
270 3437 322 3492 iste
336 3445 444 3507 torquet
455 3454 564 3494 manuni
576 3448 712 3496 rotantem
736 3440 913 3496 lundibulum.
926 3440 973 3495 iile
1022 3438 1126 3508 dicere)
1140 3437 1299 3506 genitorem.
1316 3437 1390 3493 Felix
1411 3449 1438 3494 ct
1458 3441 1536 3496 beata
1550 3442 1638 3497 luerat
1652 3444 1704 3497 vita
1717 3451 1815 3497 morta·

180 3503 215 3560 de
227 3520 258 3560 sc
271 3510 460 3576 presumebat,
475 3518 503 3564 ct
524 3510 574 3565 iste
596 3509 746 3579 adiutorem
770 3510 895 3579 angeium
910 3525 973 3581 pos·
1020 3508 1099 3575 lium,
1111 3508 1134 3561 si
1148 3507 1281 3578 cupiditas
1294 3524 1347 3563 uon
1361 3520 1433 3563 esset
1446 3509 1600 3566 cruciasti
1614 3511 1718 3568 radices
1731 3513 1816 3569 scele-

180 3574 295 3631 tulabat.
309 3575 436 3646 Dirigitur
451 3579 518 3649 lapis
532 3595 547 3634 a
560 3595 654 3650 puero,
666 3588 694 3634 ιι
708 3580 734 3634 in
749 3595 813 3636 aere
825 3579 973 3635 ducebatur
1023 3593 1093 3643 rain,
1103 3586 1132 3633 et
1142 3577 1254 3632 materia
1269 3577 1395 3634 uitiorum
1407 3619 1415 3644 ,
1428 3580 1525 3650 quibus
1538 3597 1586 3637 uec
1597 3589 1685 3638 metus
1696 3584 1815 3646 sedatur,

180 3646 215 3701 ab
224 3648 331 3715 atigelo.
343 3645 439 3703 Stabat
452 3648 577 3705 iuiniicns
589 3665 700 3706 securus
713 3651 747 3705 de
760 3650 873 3720 parrnio
886 3650 972 3705 bella·
1023 3663 1074 3704 nec
1085 3647 1241 3702 maltorum
1255 3647 1387 3703 scelerum
1401 3651 1515 3705 satiatur
1531 3670 1537 3705 :
1559 3661 1586 3707 ιι
1598 3652 1669 3708 uude
1683 3653 1815 3722 compesci

180 3723 250 3779 tore,
258 3715 382 3772 nesciens
392 3716 508 3790 desuper
518 3719 659 3774 bominum
669 3718 829 3789 adjutorem.
843 3717 973 3789 Lapidem
1023 3717 1140 3783 ridetur,
1156 3717 1219 3773 inde
1238 3718 1324 3772 multo
1354 3717 1420 3775 luris
1443 3722 1590 3777 excitatur!
1613 3721 1683 3778 hicce
1701 3737 1816 3791 uanique

200 3790 303 3841 rotinus
317 3786 440 3842 iiiiiniuiis
453 3790 539 3844 sensit
552 3790 579 3843 in
595 3787 683 3845 ironic
699 3807 705 3844 ι
721 3790 784 3860 quia
798 3788 904 3846 Domini
919 3805 972 3845 uon
1023 3788 1142 3843 Absaiun
1157 3787 1274 3843 iratema
1293 3734 1367 3844 vicie
1389 3790 1562 3860 crapulatus,
1579 3799 1607 3847 ιι
1624 3803 1740 3861 cognato
1754 3808 1816 3847 saii-

217 3854 275 3910 buit
288 3856 484 3913 characterem.
499 3858 538 3914 ibi
549 3859 632 3915 vitain
647 3859 763 3929 perdidit
776 3874 838 3914 ciiui
857 3859 971 3929 pudore,
1023 3859 1104 3927 guine
1117 3857 1257 3924 ebriatus,
1271 3859 1356 3927 tnagis
1379 3875 1411 3915 ac
1426 3861 1511 3930 magis
1533 3861 1665 3917 excitatur
1678 3864 1704 3917 iii
1719 3862 1816 3933 pejus,

181 3925 227 3978 ubi
243 3926 367 3993 attgelum
382 3926 466 3982 David
480 3938 602 3984 senserat
615 3930 776 3997 ailjuturem.
792 3928 897 3985 Cecidit
910 3944 972 3984 cuni
1023 3936 1150 4000 tanquam
1165 3942 1198 3981 ex
1213 3928 1270 4000 ipsa
1286 3926 1361 3983 lieret
1375 3931 1500 3986 satietate
1510 3931 1628 4001 jejunus.
1642 3931 1737 3987 indicit
1747 3941 1816 4002 patri

180 4008 275 4065 magna
292 3997 380 4064 ruina,
395 3997 441 4067 qui
463 3998 608 4054 insultabat
627 4015 687 4055 uum
706 4012 802 4068 magna
820 3998 946 4069 superbia
963 4017 970 4053 :
1008 3996 1077 4067 ,iant
1091 4013 1145 4053 iioii
1160 3998 1229 4053 iltius
1242 3997 1360 4063 beilum,
1376 4000 1451 4069 quasi
1465 4017 1559 4069 pariiin
1573 4002 1660 4057 luerat
1671 4003 1817 4073 peremisse

180 4065 244 4131 quia
257 4065 372 4135 superbis
385 4067 456 4122 licus
479 4070 585 4134 resistit,
600 4067 738 4124 lutmiliiins
757 4075 843 4123 uatem
853 4069 900 4122 ilat
912 4085 973 4139 pro·
1023 4079 1189 4135 germanum.
1212 4067 1245 4122 Et
1259 4068 1355 4138 quihus
1369 4070 1469 4124 auxilio
1487 4085 1548 4127 esse
1566 4072 1713 4140 debuerat,
1726 4072 1817 4127 interi-

181 4135 245 4189 tiaut
259 4135 328 4202 (lac.
344 4152 381 4203 iv,
397 4138 442 4206 tt),
464 4136 511 4192 dat
522 4139 673 4199 uictoriam.
698 4147 831 4220 preparat
848 4147 876 4194 et
894 4154 973 4193 coro·
1024 4145 1081 4192 tuin
1094 4137 1265 4208 deportabat.
1286 4138 1335 4192 Cui
1351 4137 1408 4207 jain
1420 4140 1510 4194 carior
1532 4142 1598 4206 luit,
1614 4143 1659 4214 qui
1678 4144 1818 4214 proximos

181 4217 255 4259 nain.
266 4203 357 4261 (iiirrit
372 4205 456 4262 itavid
471 4217 534 4262 aitte
548 4209 658 4278 capiens
679 4207 817 4276 gaudium,
838 4222 921 4279 quani
932 4209 973 4263 iii·
1023 4207 1065 4264 sie
1077 4207 1182 4263 odivit?
1195 4216 1242 4262 aut
1255 4223 1335 4279 quam
1352 4206 1431 4264 ildeiu
1443 4209 1555 4277 habuit,
1571 4213 1616 4283 qui
1633 4215 1658 4267 iii
1672 4214 1727 4268 suis
1743 4220 1816 4266 tanta

180 4273 285 4343 ciperet
298 4275 432 4344 praelium:
448 4287 513 4333 ante
526 4276 603 4333 hctus
614 4279 649 4334 dc
662 4280 787 4347 victoria,
802 4294 883 4349 quain
907 4295 975 4335 coii-
1023 4277 1178 4334 commisitt
1189 4276 1293 4332 Novum
1303 4277 1446 4334 dementiae
1457 4294 1542 4349 geniis
1554 4284 1659 4339 sacculis
1675 4283 1816 4347 intimarit,

181 4342 275 4400 liceret
286 4358 411 4414 pugnam.
426 4344 507 4402 Stetit
526 4363 608 4418 super
621 4349 737 4405 cadaver
744 4350 860 4417 jacentis
872 4351 971 4405 ciiaiii·
1023 4349 1070 4418 qui
1084 4347 1143 4419 pius
1156 4349 1278 4402 exercuit
1290 4362 1370 4417 quani
1385 4350 1424 4403 iia
1437 4351 1557 4408 dictauit.
1575 4353 1646 4409 Ecce
1660 4355 1749 4408 subito
1761 4354 1818 4408 bel·

180 4427 236 4479 nie,
253 4413 370 4482 gladium
384 4417 483 4480 educit,
504 4418 567 4475 inde
581 4418 723 4488 percussit,
733 4427 762 4474 et
781 4419 882 4475 inimici
892 4428 974 4491 caput
1023 4419 1078 4474 ium
1089 4419 1152 4473 tuba
1164 4416 1351 4472 conclamant:
1368 4419 1515 4476 decurrunt
1527 4423 1660 4491 sacrilegi,
1677 4423 1818 4478 aiuhiiiant

180 4482 307 4551 abscidit,
322 4493 349 4540 et
359 4495 450 4542 erecta
461 4487 574 4543 dextera
596 4489 781 4558 triumphavit,
795 4499 823 4544 et
844 4490 973 4546 exsiliens
1024 4488 1174 4559 parricidas,
1199 4495 1228 4541 et
1241 4500 1371 4542 conversa
1385 4498 1426 4543 est
1440 4491 1538 4544 caritas
1553 4492 1579 4545 in
1594 4493 1724 4547 lurorem.
1737 4491 1818 4547 Dela·

180 4551 209 4608 iti
230 4554 321 4610 letitia
334 4557 452 4612 clamare
472 4558 567 4627 coepit,
582 4557 735 4613 llenerlietar
748 4557 876 4614 Domitius
901 4559 973 4614 Datis
1024 4567 1081 4612 tuni
1095 4566 1137 4613 est
1150 4555 1224 4612 nctus
1237 4555 1271 4610 ad
1286 4564 1389 4626 patrem
1401 4599 1408 4622 ,
1421 4559 1469 4612 sed
1485 4560 1524 4613 ira
1536 4575 1589 4614 iioii
1605 4561 1719 4631 perdidit
1729 4562 1817 4632 pieta-

180 4639 262 4690 ttteitt,
283 4627 326 4697 qui
344 4626 417 4680 docet
440 4643 533 4682 manas
555 4644 626 4682 meas
644 4629 680 4682 cil
697 4629 826 4699 praelium,
840 4629 972 4700 elligitur
986 4622 1012 4681 D
1025 4636 1089 4683 teni.
1102 4626 1181 4681 Exire
1196 4627 1493 4695 nimquesoeiosjubet
1510 4638 1588 4698 pater
1597 4630 1631 4685 ad
1645 4644 1771 4702 pugnam,
1788 4641 1816 4686 ct

179 4709 251 4749 ineos
277 4696 377 4766 perficit
400 4697 542 4753 autetiam
567 4697 654 4770 (Psoi.
676 4713 766 4763 ostiti,
790 4698 829 4770 i).
840 4695 970 4768 Lapidem
1020 4705 1147 4767 rogatae
1161 4693 1381 4751 iidemseveritis
1395 4697 1509 4765 frangat.
1525 4697 1558 4752 Et
1575 4714 1644 4769 quos
1657 4701 1736 4756 nimis
1750 4702 1813 4756 bur·

179 4764 298 4820 reddidit
319 4767 461 4831 sociatum,
482 4778 511 4823 ei
534 4768 694 4837 gaudiorum
707 4769 766 4836 eius
783 4777 866 4840 caput
879 4771 970 4839 posuit
1023 4768 1073 4823 tari
1083 4764 1203 4829 solebat,
1219 4766 1254 4819 ab
1268 4766 1376 4820 immani
1391 4765 1470 4822 hoste
1486 4767 1540 4822 titio
1557 4770 1680 4840 piscibus
1692 4769 1813 4827 scircitu-

178 4831 377 4892 detruncatum.
394 4834 477 4892 David
491 4840 564 4894 enim
587 4839 683 4895 missus
705 4837 834 4897 adversus
851 4838 967 4906 Goliam,
1020 4837 1076 4891 bat.
1099 4835 1156 4901 lte,
1172 4836 1274 4905 inquit,
1288 4836 1424 4906 principes
1438 4839 1491 4893 mei
1511 4839 1568 4893 :ite
1581 4840 1741 4909 quaiitouius
1765 4839 1812 4895 iiiii

178 4904 244 4958 nibil
266 4905 338 4960 aliud
352 4906 402 4961 nisi
415 4905 551 4963 Christum
565 4908 693 4965 adversos
705 4909 842 4967 diabolum
856 4926 906 4981 pro
923 4925 969 4965 sa·
1020 4906 1133 4969 virtutis,
1149 4906 1197 4963 sed
1207 4913 1312 4972 carate,
1323 4919 1424 4975 queso,
1441 4923 1475 4963 ne
1494 4910 1616 4969 vincatis.
1632 4908 1740 4965 Placete
1751 4909 1815 4981 justi

178 4972 236 5029 late
264 4976 355 5033 eneris
373 4976 483 5032 humani
503 4978 679 5048 significabat,
691 4986 720 5034 et
733 4980 760 5035 in
771 4980 818 5035 ilio
829 4979 968 5049 impletum
1020 4975 1118 5031 luroris
1131 4976 1260 5031 insaniam
1273 5014 1280 5040 ,
1304 4990 1337 5031 ue
1352 4977 1377 5030 iri
1393 4986 1480 5033 morte
1495 4979 1542 5034 iiiii
1557 4981 1610 5035 mei
1629 4995 1672 5035 me
1686 4979 1813 5035 miserum

178 5051 231 5110 est,
245 4987 369 5100 italiam
381 5062 427 5099 coa
448 5048 580 5102 'nouorum
593 5057 749 5116 moratores,
765 5060 789 5103 et
803 5048 969 5103 iiteuderunt
1022 5047 1178 5102 tuiiierctis.
1194 5045 1223 5100 Si
1234 5045 1292 5115 ipsc
1305 5047 1391 5101 noluit
1404 5047 1504 5104 habere
1518 5057 1631 5121 patrem,
1641 5058 1814 5120 patertamen

177 5127 361 5183 arcumsaum,
376 5063 544 5188 uidiapi'aat
557 5134 696 5188 pauperem
708 5126 734 5173 el
750 5121 795 5175 itta
813 5134 862 5182 etit,
878 5125 903 5172 et
914 5129 969 5172 tra·
1021 5118 1121 5172 meruit
1133 5116 1287 5172 orhittteui.
1304 5115 1409 5172 Parcite
1432 5132 1462 5172 er
1480 5134 1511 5183 ii,
1527 5120 1630 5190 pareitc
1641 5129 1734 5189 gnato,
1751 5135 1814 5191 par·

176 5181 683 5261 aaemrortoscorae:pameoeoraai
701 5188 968 5259 ititretturordaip-
1020 5188 1087 5256 cite,
1108 5186 1320 5252 commilitones,
1346 5187 1452 5242 insano.
1493 5190 1652 5246 tsimalum
1668 5189 1751 5245 illium
1766 5204 1812 5261 ge·

175 5265 264 5307 saram
286 5253 372 5327 (Prot.
384 5272 477 5322 xxxvi,
502 5255 563 5325 ld).
576 5255 645 5315 Ecce
665 5266 794 5328 quantum
813 5258 886 5313 valet
897 5258 968 5328 apud
1020 5257 1067 5311 nai
1079 5294 1086 5319 ,
1100 5257 1149 5311 sed
1163 5256 1247 5324 magis
1260 5255 1394 5320 observo,
1421 5265 1450 5311 at
1463 5260 1549 5329 pietas
1562 5260 1652 5316 vincat
1667 5261 1752 5324 irarn,
1780 5276 1814 5317 ne

175 5319 260 5378 ὓιιιιι
281 5325 435 5381 innocentia
455 5336 608 5393 mansueta,
630 5342 711 5398 quatu
734 5327 968 5383 malevoliintsiis
1018 5327 1122 5395 iustitia
1153 5335 1245 5393 erogat
1259 5325 1343 5381 netas.
1368 5324 1474 5383 tteeuso
1495 5330 1573 5413 hiip‘ns
1587 5330 1742 5386 certaminis
1756 5332 1814 5402 pal·

174 5391 261 5449 virtus
270 5396 399 5451 excelsa:
421 5398 484 5466 quia
495 5396 626 5452 Durnium
635 5398 721 5465 diligit
732 5398 926 5461 innocentiam,
939 5406 974 5452 et
1021 5411 1103 5451 mam.
1146 5396 1209 5461 olo,
1229 5395 1294 5449 nolo
1313 5411 1375 5451 euin
1395 5397 1490 5455 dolore
1510 5401 1661 5456 victoriam.
1681 5398 1709 5454 Si
1724 5400 1811 5471 ipsum

174 5459 478 5534 tiereiinquitmaiitiam
492 5485 500 5521 ι
513 5475 543 5522 ut
557 5466 966 5550 possitjustusproiuuiicentia
1021 5467 1085 5523 iecit
1110 5480 1199 5536 pratae
1222 5467 1318 5520 inentis
1342 5466 1456 5531 insania,
1476 5468 1593 5525 vindicta
1611 5476 1702 5526 vestra
1722 5486 1813 5527 nonne

173 5545 223 5586 sita
233 5533 352 5591 debitam
367 5537 621 5603 somiriviutoriain,
636 5548 665 5592 et
683 5542 828 5606 gratuitam
843 5538 971 5608 accipere
1020 5538 1102 5593 laciet
1115 5534 1294 5606 parricidam?
1312 5535 1453 5594 abstinete
1465 5538 1588 5603 dolores,
1604 5547 1694 5596 aetate
1708 5540 1810 5612 suppli·

173 5597 209 5657 tie
221 5604 293 5660 coetu
310 5620 450 5665 coronam.
1019 5608 1071 5670 eia,
1084 5621 1143 5661 mea
1150 5613 1192 5661 ost
1204 5618 1283 5674 qnam
1294 5606 1358 5660 mihi
1369 5607 1476 5663 donatis
1488 5607 1593 5679 iniuria.
1606 5609 1722 5665 liniebat
1735 5619 1812 5683 pater

456 5694 572 5754 ggpp0
594 5694 696 5753 mg,
925 5696 931 5705 ·
1020 5672 1154 5746 piissimis
1167 5675 1238 5729 uinci
1249 5688 1351 5759 ,qttani
1366 5677 1508 5749 triumphis
1518 5681 1617 5736 orbari.
1632 5680 1810 5766 tiomiitendat

475 5791 514 5847 ιο
532 5790 657 5847 usam
824 5809 827 5817 ·
1018 5746 1590 5891 ithttiiihutt'hiih'illidii
1603 5751 1810 5892 litterile!

206 5876 370 5945 §alethium
385 5893 479 5945 natura
494 5895 632 5961 prostare
646 5896 675 5946 et
687 5886 905 5959 mtuaaguiuitis
919 5890 959 5944 ia-
1016 5887 1095 5946 citas.
1108 5900 1239 5958 caiiipiis,
1260 5888 1334 5942 salva
1350 5889 1478 5960 reiigione
1493 5901 1570 5964 pater
1587 5891 1670 5949 viiicit
1684 5894 1807 5951 orbitus.
