4152 6344
166 284 221 341 m
340 296 349 316 ⁹
403 325 407 331 ·
881 281 1084 344 suntabsit
1745 275 1798 331 tiu

166 398 262 457 esitio
276 397 323 455 St
335 397 420 457 ὑ
433 398 590 481 geniem
604 413 681 454 error
704 397 851 467 inuaserqt,
866 408 896 453 ut
909 414 955 453 or·
968 421 993 481 Α
1006 410 1141 467 eampum,
1153 403 1181 450 et
1194 404 1245 451 tute
1259 394 1355 449 animae
1366 391 1505 451 inlerimus
1514 392 1650 449 damnum.
1673 389 1741 447 Veni
1755 407 1799 446 sc-

165 470 275 527 rlinibns
290 469 687 540 numeratisrnreniaeetqm
705 483 784 551 prena
806 476 849 524 tur
867 476 953 523 neret.
1006 480 1085 522 eorus
1109 466 1225 535 airiplius
1239 464 1303 591 dam
1319 464 1353 519 aii
1377 473 1438 523 tuos
1456 479 1519 545 ‘uon
1539 476 1710 529 euremarus,
1726 458 1799 543 unde

164 540 250 596 Credit
266 538 406 610 explicitis
424 539 451 593 in
468 553 498 593 se
520 539 620 608 regalis
642 538 743 606 infidis,
771 547 803 595 el
825 546 956 595 exausta
1006 536 1211 606 laliacispaiagi
1259 547 1335 590 uetus
1357 535 1550 602 tranquillitate
1566 531 1730 613 pascunturl
1751 545 1799 612 qui

167 609 345 679 refrigescens
364 607 391 661 iu
412 609 552 665 sententiis
566 610 621 664 suis
642 610 730 665 timuit
745 623 816 679 quos
836 608 956 665 tenebas
1007 615 1094 661 urinat
1108 605 1303 676 quadrupedes,
1319 621 1370 660 uec
1384 605 1481 660 desunt
1501 602 1605 685 celeres
1618 617 1687 670 quos
1699 616 1742 682 'rra
1757 616 1799 655 iii·

165 678 230 736 Exit
251 680 332 747 igitur
343 676 451 750 Moyses
461 679 506 734 ille
522 679 619 735 artilex
633 680 771 743 uirtutum,
790 678 961 749 populosqn
1007 676 1138 732 condebat
1152 676 1180 733 iu
1194 676 1296 731 hostes.
1311 675 1369 731 ‘luo
1377 675 1463 742 iussu,
1474 674 1603 740 bomine,
1614 670 1797 727 israelitarum

167 748 215 805 bei
230 748 265 804 ab
279 748 402 805 hostibus
415 748 571 816 educturus,
584 751 637 806 dux
648 749 783 818 agminum
796 750 959 807 earistitutus
1094 745 1245 816 usAEgypti
1260 746 1361 802 ralrieu‘r
1377 745 1480 812 fugiens
1493 741 1586 815 llnyse
1600 741 1670 824 duce
1691 740 1799 823 tandem

165 829 209 876 est
223 819 251 874 iu
266 814 383 875 desclte.
396 818 567 873 llueebautnr
580 820 652 874 enim
664 836 711 901 per
726 818 800 875 arirla
810 818 871 874 ineu
885 833 957 873 caui-
1019 815 1074 870 elix
1088 815 1209 885 liberque
1235 816 1328 879 erasit,
1353 823 1481 884 utusque
1506 814 1539 868 ad
1552 828 1642 893 utaris·
1655 820 1800 866 terminum

195 904 276 952 irum,
290 887 476 960 purisquerin
491 888 644 956 regionibus
668 888 824 944 incedentes
843 886 959 945 ducente
1008 884 1084 941 luror
1098 886 1157 956 ipse
1177 885 1315 941 muner.
1333 886 1394 940 Stat
1406 885 1520 955 populus
1532 884 1603 938 iuter
1616 881 1802 938 discordantes

167 907 286 1015 Bariiiso
303 958 489 1012 sernahautur.
517 958 670 1028 ignotisque
690 958 825 1014 littoribus
850 958 960 1028 propiu-
1010 955 1106 1022 undas,
1118 963 1146 1010 et
1157 963 1256 1010 terrain
1267 955 1696 1025 circumseptusminisarruurrini
1709 950 1801 1020 lugain

167 1034 296 1100 quantes,
320 1028 424 1082 hostem
444 1027 576 1083 dimisisse
591 1028 706 1097 nourrius
718 1028 840 1098 penitet,
859 1034 890 1082 ut
911 1042 959 1083 sna
1010 1026 1147 1094 quaerebat
1159 1025 1186 1079 in
1201 1024 1336 1081 boehm.
1352 1024 1494 1096 vaputavit
1516 1035 1591 1086 mare
1611 1024 1723 1104 seissnm
1733 1036 1801 1103 pro·

168 1114 231 1155 eum
253 1096 504 1153 mortisnecessitas
523 1097 665 1152 irireuirct.
687 1097 816 1167 Exsurgit
858 1098 961 1154 rotinus
1011 1094 1119 1162 phetica
1140 1094 1443 1164 perserveremus
1463 1109 1547 1163 aquas
1568 1094 1799 1176 lncre'uitrrrga.

169 1169 232 1237 igne
257 1180 415 1230 succensus,
437 1165 535 1223 ardore
553 1175 684 1235 armatus,
698 1182 790 1223 secum
809 1115 960 1235 iugagiucrn
1009 1164 1091 1220 Siluii
1105 1166 1190 1234 pelagi
1196 1173 1333 1247 secretum
1343 1164 1434 1247 stabili
1446 1164 1548 1237 lapsum
1558 1110 1662 1231 ιιιιιιὶι
1676 1161 1799 1245 ndrllcrn,

170 1237 302 1292 runritura
327 1242 447 1305 potestas
465 1235 592 1291 excludit.
617 1234 645 1291 ln
669 1252 733 1292 suos
756 1238 844 1292 esitus
864 1239 960 1292 iteruin
1011 1243 1125 1289 steterat
1137 1234 1247 1299 lubrica,
1260 1243 1288 1289 et
1301 1245 1419 1290 occurrit
1440 1249 1515 1289 mare
1531 1250 1593 1289 cuin
1613 1234 1733 1292 hostibus
1753 1247 1801 1301 pir·

171 1311 328 1360 surrexerat
342 1304 485 1374 periturus.
498 1306 631 1376 hptantnr
644 1306 781 1376 quadrigis
799 1306 962 1362 lirmiuribus
1012 1313 1166 1373 gnatorum.
1192 1303 1326 1361 Enatabat
1348 1304 1452 1372 gladius
1477 1303 1645 1359 crudelitatis
1670 1300 1802 1371 narilragi,

168 1386 277 1439 currus,
293 1375 338 1445 qui
357 1373 464 1429 reluces
482 1374 515 1429 ad
535 1375 695 1448 supplicium
715 1392 776 1433 cuin
795 1391 845 1431 suo
863 1376 962 1433 damno
1013 1374 1161 1439 ingreditur
1171 1382 1429 1443 mareprnsumptor
1442 1374 1607 1431 scatentibus
1620 1374 1725 1442 ungulis
1756 1388 1804 1427 ua·

173 1443 340 1500 lestinarout.
352 1442 522 1499 Perrhautur
534 1445 625 1515 itaque
638 1446 788 1501 terroribus
804 1447 962 1503 circumdati
1013 1443 1157 1511 drigarum,
1171 1444 1241 1500 unde
1254 1444 1409 1499 uiolentiam
1422 1445 1568 1514 patiuntur.
1583 1442 1615 1499 ιιι
1636 1458 1701 1499 eece
1765 1444 1803 1496 itu

172 1529 321 1579 armornm,
337 1521 367 1567 ut
380 1515 508 1584 strepitus
521 1514 561 1569 eis
581 1513 724 1587 AEggptins
742 1515 853 1571 forsitan
875 1517 963 1571 mirra·
1014 1514 1085 1569 uuda
1102 1514 1182 1570 ueluti
1203 1528 1219 1568 a
1242 1529 1337 1569 somno
1364 1514 1563 1582 expergclrcta,
1590 1513 1619 1567 iit
1638 1513 1696 1570 dira
1717 1513 1804 1568 noctis

174 1592 258 1639 retur.
274 1583 354 1638 dudit
376 1583 458 1637 israel
477 1583 593 1639 hostium
614 1586 813 1641 increbrescere
832 1602 962 1650 murmur,
1015 1584 1103 1651 imago
1118 1586 1254 1639 teterrima
1266 1585 1394 1639 aduersus
1409 1583 1550 1655 AEgyptius
1562 1583 1693 1653 lugubris,
1708 1584 1804 1637 imina·

172 1662 348 1721 rotarumque
368 1651 474 1721 fragore
492 1654 624 1722 turbatus,
644 1655 782 1710 audaciam
801 1656 917 1725 perdidit
936 1657 963 1711 in
1015 1661 1085 1717 tura,
1100 1654 1202 1723 obligat
1218 1653 1326 1718 limites,
1351 1664 1484 1724 praeparat
1502 1655 1577 1709 sinus
1591 1653 1663 1711 riuda
1680 1654 1805 1709 adversa·

174 1723 283 1777 timere.
296 1722 466 1804 illamquales
480 1721 585 1777 inerant
594 1724 687 1780 hostes
697 1728 845 1794 agnoscite,
855 1742 923 1795 quus
937 1736 965 1782 et
1015 1724 1071 1777 rios
1085 1725 1175 1794 populi
1190 1733 1345 1794 exceptura,
1356 1733 1385 1779 et
1394 1723 1573 1794 crispantibus
1582 1724 1705 1780 ductibus
1716 1724 1805 1780 obruit

174 1788 281 1863 lloyses
296 1790 352 1861 ipse
367 1796 437 1847 risus
450 1802 492 1848 est
505 1791 660 1850 immune.
675 1793 771 1851 Statim
786 1798 864 1865 iuga
879 1797 965 1851 rirtir·
982 1791 1002 1846 li
1016 1808 1111 1849 omnes
1124 1795 1243 1862 invigilia
1254 1796 1395 1849 matutina.
1404 1793 1462 1849 Elio
1472 1795 1560 1849 uiator
1572 1809 1710 1862 aquarum,
1723 1808 1806 1863 quaro

174 1860 384 1932 tibuspercussa
402 1863 486 1917 maria
507 1874 683 1928 evanuerunt,
703 1865 837 1922 turbatum
859 1881 892 1920 ue
910 1867 966 1921 suis
1017 1863 1173 1918 violentiam
1185 1865 1285 1933 pateris
1295 1863 1445 1919 irritarunt
1460 1863 1543 1918 Nemo
1558 1873 1668 1932 pugnat,
1691 1873 1719 1918 et
1735 1863 1807 1940 peris

176 1929 280 2000 legibus
290 1946 364 1986 mare
374 1932 537 2001 captiuitatis
550 1933 673 1990 curribus
682 1934 835 2004 impeditur.
873 1937 966 2005 riguo·
1017 1933 1112 1987 viator.
1124 1931 1236 1989 Percote
1249 1933 1344 1999 undas,
1356 1934 1378 1988 si
1388 1942 1476 2003 potes,
1485 1932 1580 2001 lugula
1591 1933 1696 1997 burrus,
1705 1935 1727 1990 si
1738 1948 1807 2003 pnn-

176 2007 220 2056 tur
234 2001 340 2055 evitatis
363 2001 484 2058 munibus
509 2001 615 2066 lluctus,
638 2013 665 2058 et
688 2004 787 2074 irriguo
812 2006 887 2061 silice
909 2006 968 2060 lixae
1016 2003 1100 2058 sales,
1116 2001 1281 2071 anrrarum
1293 2001 1436 2058 concordia
1450 2004 1458 2055 t
1472 2004 1606 2058 exereitus
1619 2002 1807 2073 AEgrptinrunr

174 2078 241 2126 sunt
253 2084 339 2140 aquae.
354 2068 497 2141 Promotus
507 2073 655 2141 ingreditur
663 2075 822 2149 procacibus
833 2077 968 2131 aniiuatus
1017 2070 1155 2137 demersit,
1168 2080 1196 2127 et
1209 2072 1402 2128 lumrerrauit.
1416 2071 1524 2128 Transit
1536 2072 1652 2145 populus
1665 2072 1747 2129 l-rael
1761 2073 1808 2128 sic·

174 2139 289 2207 insidiis,
305 2155 469 2210 securusque
488 2142 515 2198 iii
536 2143 662 2211 periculis
675 2159 722 2199 eos
737 2152 794 2199 tuto
813 2144 968 2202 discrimine
1016 2142 1057 2196 cis
1067 2140 1179 2212 pedibus
1193 2157 1277 2208 mare,
1292 2152 1321 2198 et
1334 2143 1455 2213 sequitur
1471 2142 1577 2198 Pharao
1590 2143 1688 2198 sedens
1707 2144 1733 2198 in
1748 2158 1808 2199 cur·

173 2210 349 2278 sequebatur.
364 2206 513 2277 Ingreditur
527 2211 620 2278 ddens,
628 2213 712 2335 ¹quasi
727 2222 754 2268 et
769 2214 806 2272 illi
820 2230 868 2284 pur
886 2216 968 2271 timo·
1018 2212 1102 2275 ribus,
1116 2212 1142 2267 in
1166 2211 1508 2282 lirictibusdemergendus.
1530 2211 1660 2269 Caleatur
1675 2214 1745 2269 unda
1763 2229 1809 2268 re·

177 2294 235 2333 rem
248 2280 388 2334 servituras
400 2279 507 2336 lucrant
524 2282 611 2337 uude.
650 2285 718 2339 lacet
730 2283 827 2349 redire,
851 2284 897 2340 seii
919 2302 969 2343 nee
1018 2281 1241 2351 stigiis,pulsatur
1250 2283 1355 2354 ungulis
1365 2282 1563 2351 quadrigarum.
1574 2282 1726 2339 Etlibenter
1739 2283 1808 2340 unda

175 2348 266 2405 redire
282 2347 337 2418 jam
362 2349 436 2405 lieet.
455 2350 586 2406 iubentur
610 2367 687 2422 aquae
709 2368 773 2409 suos
787 2355 875 2410 esitus
896 2357 970 2412 cele·
1019 2353 1120 2407 eedem
1134 2351 1333 2407 aduersantium
1358 2352 1500 2415 tolerabat,
1514 2354 1612 2425 quibus
1631 2353 1687 2422 ipsa
1703 2351 1808 2409 nariira·

177 2418 267 2484 lirare,
289 2419 468 2490 resolutisque
483 2422 625 2477 virtutibus
646 2423 674 2476 in
694 2422 969 2481 redeuntesolllcium
1018 2421 1091 2489 glum
1117 2422 1285 2491 procurabat.
1307 2421 1457 2489 ingreditur
1486 2431 1614 2492 tyrannus
1644 2430 1808 2479 arniatorunr

174 2502 256 2544 suum
265 2487 339 2556 jussa
349 2490 434 2544 maria
444 2500 631 2561 susceperunt,
645 2491 713 2559 Quid
725 2501 765 2547 esi
789 2492 894 2550 Pharao
908 2511 970 2569 per.
1020 2491 1192 2546 multitudine
1205 2500 1307 2562 septus,
1327 2500 1357 2547 et
1370 2506 1451 2560 super
1462 2491 1547 2548 undas
1560 2493 1665 2555 malles,
1679 2508 1807 2548 curruum

176 2558 248 2613 lidel
259 2559 397 2629 speciosus
409 2558 554 2617 festinabas
566 2561 599 2614 arl
611 2570 734 2617 martem.
752 2534 866 2619 Ubinam
880 2574 906 2619 te
920 2581 967 2621 co·
1020 2575 1206 2631 equorumque
1218 2576 1299 2618 ausus
1309 2567 1351 2617 est
1362 2561 1478 2630 dirigere
1489 2574 1607 2630 gressus.
1621 2561 1741 2631 bralige
1756 2562 1809 2621 iin-

197 2629 261 2693 itas,
277 2628 490 2694 iujustehostisl
500 2630 558 2685 Nun
573 2630 620 2687 illo
631 2632 783 2689 moriuntur
794 2633 905 2690 uulnere
915 2649 970 2704 que
1020 2631 1138 2700 piissima
1154 2631 1299 2686 caecitatis!
1316 2632 1413 2686 Petrus
1431 2646 1492 2686 cum
1511 2632 1619 2687 Christo
1634 2633 1766 2696 titubavit,
1782 2641 1809 2692 el

187 2698 284 2753 eriisti.
295 2697 385 2753 Poenis
397 2699 468 2755 enim
477 2701 532 2755 tuis
545 2716 598 2755 uon
614 2701 690 2757 labor
702 2702 838 2772 indicitur,
854 2720 907 2760 non
921 2721 970 2760 nu·
1021 2709 1172 2767 merserat;
1188 2709 1216 2756 et
1230 2699 1334 2756 Pharao
1347 2716 1376 2757 se
1388 2701 1475 2757 soluta
1492 2703 1606 2757 transire
1620 2703 1740 2773 putabar.
1755 2703 1810 2761 Sea

173 2765 400 2837 boscompluitrir
413 2769 572 2850 gladiorum.
588 2770 658 2825 llihil
667 2780 712 2827 est
720 2772 790 2829 enirn
805 2775 876 2842 quod
890 2787 987 2844 grase·
1019 2779 1114 2826 contra
1136 2771 1287 2841 apostolum
1304 2780 1470 2839 mergentem
1485 2786 1607 2830 inanusa
1624 2773 1732 2827 Cirristo
1745 2788 1809 2843 por·

175 2837 303 2893 sentires.
314 2839 345 2895 lii
357 2838 472 2895 esitium
486 2847 562 2895 tuum
574 2856 627 2896 uua
640 2841 715 2912 uirga
726 2852 832 2899 serrata
845 2852 898 2901 est.
1020 2839 1126 2922 rigitur,
1135 2849 1170 2922 'et
1181 2841 1303 2901 leuatur:
1319 2839 1431 2923 Pharao¹
1445 2841 1566 2897 desertus
1579 2857 1595 2897 a
1608 2843 1717 2900 Christo
1732 2844 1809 2897 nudis

476 2944 595 3003 sau
613 2945 668 3003 u·
1019 2909 1811 3056 reitinpuoh,tantumtanturn

1022 3064 1082 3105 rum
1088 3065 1178 3116 soiius,
1191 3049 1253 3106 iude
1264 3065 1399 3105 armerum
1410 3051 1546 3121 strepitus.
1559 3051 1603 3108 Sic
1612 3054 1719 3123 operari
1729 3053 1811 3123 licus,

210 3114 281 3171 Cum
290 3115 346 3186 jnni
357 3115 456 3171 dudunt
470 3118 586 3201 pupulus
599 3117 680 3175 lsrael
694 3118 886 3176 beselleiorun
900 3121 970 3178 diri·
1023 3119 1062 3174 sic
1077 3119 1171 3176 adesse
1184 3121 1334 3182 consuerit,
1352 3128 1382 3175 ut
1402 3120 1446 3176 ubi
1460 3122 1570 3178 desierit
1584 3123 1730 3179 burrianum
1745 3139 1811 3178 con·

176 3200 275 3241 mirum
291 3186 399 3252 oblitus,
411 3191 514 3243 coelesti
529 3188 640 3244 brachio
653 3199 745 3245 erutus
758 3188 911 3249 deservitio
930 3201 971 3264 ty·
984 3163 1008 3227 C
1022 3189 1121 3257 silium,
1137 3191 1191 3246 illic
1205 3190 1354 3246 intercedat
1367 3190 1485 3245 driuuru
1499 3191 1579 3249 citius
1592 3194 1730 3250 auxilium.
1746 3192 1810 3248 Sta·

178 3256 297 3311 rarrnictc
320 3258 474 3326 potestatis,
502 3256 634 3329 prulunda
660 3260 776 3382 aequoris
801 3261 873 3317 sirco
903 3263 972 3331 pede
1022 3259 1070 3315 tim
1084 3258 1169 3332 lloysi
1183 3269 1273 3316 erecta
1285 3275 1365 3315 minu
1376 3260 1459 3328 uirgae
1474 3261 1526 3315 ictu
1537 3264 1670 3332 rumpitur
1683 3278 1767 3328 inere.
1783 3271 1812 3318 et

176 3331 332 3394 transisset,
356 3335 385 3381 et
407 3342 537 3397 aquarum
556 3328 674 3398 parietes
704 3331 789 3385 renati
809 3331 969 3401 penderent,
1022 3338 1127 3385 secreta
1144 3331 1230 3398 pelagi
1256 3329 1418 3401 panduntur,
1434 3330 1476 3384 Fit
1492 3331 1567 3385 littus
1581 3332 1811 3402 ubilireratpcla·

175 3397 376 3451 serisstmumr
396 3412 508 3453 caunum
522 3412 570 3453 sua
581 3396 674 3453 leritas
687 3399 811 3455 maximis
824 3401 971 3458 uisceribus
1022 3413 1081 3469 gns.
1094 3398 1257 3469 Resupioata
1267 3400 1434 3456 conuertitur
1448 3401 1527 3462 unda,
1548 3401 1686 3458 funeribus
1707 3403 1809 3471 repleta

180 3466 343 3536 propinante
366 3412 401 3523 lb
427 3467 541 3523 ibicum
564 3468 620 3522 suis
643 3469 747 3524 cunetis
770 3470 902 3535 interiret,
923 3472 969 3541 qui
1022 3477 1084 3523 suut
1099 3469 1199 3526 littora,
1215 3469 1318 3536 Quibus
1328 3470 1354 3524 in
1368 3470 1425 3539 ipsa
1449 3478 1537 3528 morte
1550 3472 1705 3541 uiaJ‘orerat
1719 3487 1811 3543 poma,

175 3535 255 3659 {rius
272 3536 408 3591 accinctus
429 3539 602 3607 properabat,
621 3545 650 3593 ιι
668 3538 792 3595 mansius
811 3540 969 3614 captivaret,
1022 3537 1095 3609 quod
1109 3547 1170 3609 pust
1190 3547 1324 3594 extortam
1349 3539 1427 3609 aquis
1451 3540 1591 3598 ultricibus
1605 3542 1732 3603 animaru,
1760 3556 1810 3597 nee

193 3606 330 3660 'ameratis
347 3607 425 3663 uadis
449 3607 520 3661 inter
537 3606 656 3677 pericula
680 3606 776 3664 duetus
798 3610 971 3673 constituitur
1021 3608 1110 3677 ipsam
1125 3609 1222 3665 meruit
1233 3609 1407 3679 sepulturam,
1424 3610 1597 3668 huteomses
1608 3613 1691 3668 exirit
1705 3611 1811 3666 Pharao

179 3690 283 3740 murus,
295 3685 323 3730 et
336 3675 484 3745 ingreditur
496 3692 556 3732 crim
566 3677 675 3750 populis
686 3677 766 3745 lieris,
779 3680 873 3735 salutis
882 3681 971 3737 uicto·
1021 3678 1056 3733 ad
1069 3678 1165 3749 ripam,
1175 3680 1223 3734 sed
1233 3678 1289 3748 jam
1298 3680 1403 3762 perdita
1414 3679 1468 3734 rita
1479 3681 1568 3735 sullus
1578 3683 1672 3737 statuit
1681 3696 1810 3754 pugnarn,

178 3746 249 3800 riam
268 3752 433 3802 ostensurus.
451 3744 576 3802 Calcatur
595 3748 665 3802 unda
685 3749 821 3803 turbarum
840 3751 969 3819 uestigiis,
1021 3756 1050 3805 el
1063 3750 1096 3804 de
1108 3749 1224 3806 inluiicls
1238 3749 1322 3805 exirit
1335 3756 1390 3804 tota
1402 3750 1522 3806 victoria

177 3822 211 3870 et
221 3815 309 3870 nullus
322 3824 364 3871 est
378 3816 510 3872 humorin
520 3815 790 3891 plantis.lugrertirur
805 3820 908 3876 Pharao
923 3823 971 3877 de·
1313 3854 1431 3913 mmo
1451 3856 1508 3912 m

179 3893 317 3950 merset
339 3901 425 3943 cecus
441 3886 616 3943 succensilio
634 3888 660 3942 in
684 3885 807 3945 drietibus
825 3891 969 3959 periturus.
1047 3928 1051 3936 ·
1511 3897 1519 3913 ⁰

179 3952 304 4025 lienique
335 3955 466 4012 undarum
489 3958 649 4014 scatentium
673 3957 774 4014 furiosa
800 3961 969 4030 compressit,
1347 3935 1388 3993 ⁰⁶
1401 3936 1479 3993 'm

181 4038 251 4093 quos
274 4025 389 4083 furiosos
409 4026 538 4096 inspirata
561 4027 697 4097 cognovit.
721 4028 857 4087 intellexit
881 4040 971 4086 ιιιιιι
1056 4024 1811 4104 Cumloserraittereturlliniritisinteritumprardlcarc,

177 4094 245 4163 quia
260 4109 314 4151 ιιι
329 4096 552 4167 potuiteradcre,
565 4112 626 4153 cuni
640 4099 746 4169 populis
757 4099 886 4156 Dominus
902 4101 972 4156 lieris
1022 4113 1087 4153 ruris
1106 4099 1131 4153 ei
1154 4098 1276 4168 iniproba
1301 4097 1405 4152 vanitas
1432 4099 1499 4167 lagae
1524 4100 1636 4168 ingessit
1653 4106 1810 4173 consilium:

179 4165 325 4221 transitum
339 4165 427 4229 daret,
444 4173 472 4223 et
486 4165 550 4222 dum
566 4166 593 4222 in
609 4168 721 4225 secretis
740 4170 857 4226 molibus
872 4169 972 4227 frenati
1022 4182 1208 4240 properosque
1218 4168 1357 4224 deseendit
1371 4168 1397 4223 iii
1407 4165 1531 4241 lopperu,
1544 4179 1682 4243 ratemque
1692 4174 1813 4232 adhibuit

181 4235 318 4300 saerircnt,
332 4237 358 4291 iri
369 4251 398 4291 se
410 4237 556 4292 uoluuntur
567 4236 662 4295 lluctus
672 4239 816 4312 sepulturae
825 4239 971 4309 Pharaoni,
1022 4245 1178 4308 mntenrptu
1204 4238 1258 4292 lien
1273 4239 1364 4308 lugere
1378 4236 1501 4304 Themis,
1517 4242 1593 4311 quasi
1621 4255 1712 4311 posset
1725 4247 1813 4301 scien·

177 4311 210 4359 et
221 4306 384 4362 exercitibus
391 4304 452 4374 eius
465 4316 575 4377 paratur
589 4307 675 4378 lucus,
691 4317 720 4364 et
741 4310 870 4382 populum
894 4326 971 4366 suurn
1022 4308 1088 4364 tiam
1104 4307 1188 4363 latere
1202 4308 1330 4372 diuinam,
1346 4322 1378 4363 ac
1390 4309 1413 4362 si
1427 4317 1500 4363 esset
1514 4311 1596 4378 (quod
1609 4328 1662 4367 nun
1677 4314 1739 4370 licet
1765 4332 1813 4371 ci·

98 4416 103 4421 .
181 4372 312 4431 llomlnus
321 4376 432 4432 ihesum
444 4378 554 4433 adduxit
564 4376 599 4432 ad
612 4378 695 4445 littus,
707 4385 735 4434 et
749 4378 893 4449 uirrtragiis
903 4380 973 4437 Pha·
1024 4386 1064 4432 tra
1076 4377 1124 4431 Ilei
1138 4379 1231 4433 orliens
1245 4379 1333 4446 aliqua
1349 4378 1433 4500 regio.
1449 4378 1532 4459 Orbis·
1546 4388 1619 4436 totus
1633 4382 1722 4438 breuis
1747 4401 1813 4440 neus

177 4458 303 4500 rancura
317 4446 372 4502 siris
386 4446 412 4501 ιι
425 4446 493 4503 mari
503 4449 602 4504 niausit
616 4450 737 4505 obrutus.
754 4447 872 4519 Populus
883 4450 930 4506 liei
944 4451 971 4506 iu
1023 4459 1065 4503 est
1079 4447 1145 4513 oei,
1161 4463 1222 4502 eum
1237 4449 1272 4502 sit
1287 4450 1373 4501 uiinor
1402 4448 1493 4503 racliio
1507 4463 1575 4517 erus,
1591 4452 1636 4520 qui
1659 4468 1709 4509 uec
1729 4457 1813 4525 possit

81 4550 88 4557 ·
180 4514 286 4570 marino
300 4530 396 4586 campo
415 4516 512 4572 undam
530 4519 661 4583 sulcabat,
677 4526 705 4573 et
722 4519 887 4588 naufragium
901 4519 973 4575 Pha·
988 4516 1142 4602 Danctnris
1164 4518 1204 4572 sui
1225 4516 1349 4640 frigitiros
1374 4517 1506 4588 aliquibus
1520 4518 1628 4575 latebris
1652 4524 1813 4582 adumbrare

180 4597 293 4639 raonem
307 4585 341 4641 ad
355 4595 471 4643 mertem
480 4588 630 4657 proximam
645 4587 776 4645 irritabat.
797 4588 856 4644 Stat
868 4589 973 4661 Herses
1025 4587 1131 4656 opacis,
1141 4586 1217 4656 cnjus
1227 4602 1258 4641 su
1289 4588 1384 4641 obtuto
1398 4588 1562 4657 conspicitur
1575 4594 1812 4654 tremens.'lluliris

175 4652 255 4724 juxta
264 4656 974 4729 mare,etcinmoribuscuneitatcasluiu,quiaPhario·
1025 4658 1100 4712 locus
1119 4667 1198 4711 vacat
1217 4658 1348 4722 eccultus,
1374 4656 1457 4711 seda
1481 4674 1530 4712 suo
1552 4660 1812 4738 auctorenccupata

178 4739 243 4779 nem
256 4727 384 4782 cernebat
395 4740 456 4782 cum
470 4727 530 4797 ipso
540 4729 708 4784 committere
715 4729 825 4784 bellurn.
837 4729 870 4785 dr
883 4730 974 4787 llorrri-
1024 4736 1087 4783 sunt
1096 4728 1195 4784 antula.
1218 4727 1295 4784 Sicut
1304 4726 1386 4782 isaias
1399 4728 1584 4785 sanctissimus
1597 4734 1669 4802 quud
1680 4734 1749 4789 intra
1761 4754 1812 4808 pu·

178 4794 369 4867 nnstlloyses,
381 4795 494 4869 Moyses,
503 4800 566 4869 quid
576 4796 874 4858 uociferarislmodode
885 4800 974 4855 inimi·
1024 4798 1118 4866 gitiuri
1145 4812 1223 4852 snum
1249 4797 1319 4852 [leus
1337 4804 1428 4853 teneat
1440 4798 1564 4854 uniuersa
1590 4800 1708 4871 loquitur
1720 4804 1814 4863 dicens

175 4866 220 4920 cis
232 4865 567 4939 tuisgratularisdlopses,
580 4866 694 4939 Moyses,
709 4869 773 4940 qnid
786 4870 973 4941 clamalego
1027 4867 1107 4938 (Cup.
1123 4883 1167 4933 sn,
1183 4867 1231 4937 lli
1249 4885 1256 4920 z
1278 4866 1371 4922 Palma
1395 4882 1504 4924 mensus
1522 4876 1564 4924 est
1587 4877 1695 4940 cretum,
1723 4891 1814 4947 pugno

178 4935 280 4991 cteluni
295 4951 405 4993 rirrusus
426 4938 646 5007 emanationes
665 4941 792 4995 muudum
812 4942 972 5011 completus
1024 4937 1237 5008 comprehcndit,
1252 4945 1281 4992 et
1299 4938 1471 5007 congregarit
1485 4939 1579 4994 orbern
1599 4949 1730 4999 terrarum
1746 4962 1813 5001 eun-

199 5005 291 5073 ugillo,
306 5015 334 5062 et
348 5014 376 5062 tu
391 5016 469 5077 putas
483 5008 545 5077 quia
556 5023 619 5064 curn
633 5007 773 5065 Pharaone
788 5026 841 5065 nori
860 5014 972 5081 papiri
1021 5010 1145 5065 elusione
1161 5009 1278 5066 dexterae
1292 5022 1355 5062 snae.
1372 5007 1402 5061 Et
1413 5007 1521 5073 iterum,
1533 5008 1612 5065 blarru
1622 5028 1671 5068 sua
1686 5016 1759 5072 reiut
1772 5017 1814 5071 ui·

210 5075 331 5143 greditur
343 5092 417 5135 mare
441 5078 566 5148 populus,
578 5086 606 5134 et
619 5076 787 5135 Pharaonem
807 5080 840 5134 ad
863 5081 972 5138 narilra·
1023 5080 1088 5135 dnm
1102 5088 1219 5149 occupat
1239 5076 1379 5133 mundum.
1398 5076 1481 5145 Quasi
1506 5090 1598 5149 posset
1624 5082 1709 5139 latere
1733 5086 1813 5141 istriiu

198 5145 252 5198 ium
267 5156 354 5201 arniat
372 5147 504 5203 diabolus.
520 5147 649 5205 [lerninus
662 5148 759 5205 illaesos
773 5149 807 5205 ad
822 5151 908 5222 ripam
920 5152 969 5207 ad·
1023 5150 1068 5219 qui
1094 5157 1225 5204 terrarum
1268 5162 1338 5217 uguo
1361 5162 1428 5203 occu
1448 5156 1476 5202 at
1489 5150 1593 5220 orbern,
1606 5154 1651 5222 qui
1672 5156 1813 5221 carlorum,

175 5156 257 5269 {nsit
272 5214 411 5272 demnas.
422 5216 489 5271 Nam
502 5217 669 5274 Pharaonem
680 5235 742 5276 euni
760 5221 893 5275 sexcentis
907 5237 969 5277 eur·
1023 5228 1165 5291 terreque,
1181 5226 1209 5272 et
1231 5163 1319 5289 abyssi
1336 5216 1432 5272 llrroso
1465 5219 1520 5275 luet
1542 5218 1676 5293 strennui
1692 5240 1815 5281 murmir-

175 5284 255 5339 ir'lius
275 5287 367 5341 electis
387 5288 413 5342 iri
433 5286 500 5341 mari
522 5288 629 5357 reliquit
650 5288 797 5348 deruersus.
818 5288 970 5359 lugreditrir
1022 5290 1145 5345 rantibus
1160 5288 1284 5343 tonitruis
1296 5288 1415 5343 concutit
1426 5290 1564 5355 muudum,
1572 5293 1680 5362 quando
1691 5295 1815 5354 incendio

175 5368 255 5410 mare
270 5352 375 5412 Pharao
399 5366 586 5428 praesumptor,
612 5366 740 5426 tanquam
765 5359 787 5414 si
810 5363 835 5415 ei
849 5361 971 5416 dicerent
1024 5360 1145 5415 vibrante
1160 5357 1269 5413 driditur
1282 5358 1390 5413 coelum.
1411 5357 1494 5426 Cuius
1513 5361 1661 5430 potentiam
1677 5381 1757 5423 uerno
1771 5366 1813 5423 lu·

174 5422 278 5479 aridae:
294 5424 403 5481 Salium
426 5435 452 5481 te
466 5431 558 5484 reiiire
572 5427 668 5492 uiator,
693 5442 819 5503 magnum
841 5429 969 5499 estquod
1022 5443 1086 5499 gere
1099 5436 1199 5511 potest,
1212 5428 1256 5482 cui
1266 5437 1308 5482 est
1322 5427 1386 5482 nihii
1398 5429 1560 5484 abstrusum.
1576 5429 1607 5485 Er
1619 5442 1648 5487 ut
1659 5439 1813 5509 capressina

173 5496 258 5549 existi
279 5505 466 5566 praesumptor,
488 5508 613 5567 magnum
637 5499 769 5567 estquod
793 5508 819 5557 te
833 5501 969 5557 currendo
1022 5501 1152 5562 dixerim,
1174 5497 1304 5568 quidquid
1328 5512 1381 5552 non
1396 5500 1492 5572 aspicit
1511 5499 1614 5556 ridens.
1632 5503 1727 5561 Omnia
1741 5509 1814 5567 nuda

175 5564 302 5632 pervadit
315 5560 471 5639 sudanlioc
481 5566 695 5635 magruhceurius
704 5576 755 5632 est,
766 5570 838 5636 quod
847 5578 873 5624 te
889 5571 970 5627 niodo
1021 5578 1084 5626 suat
1095 5569 1162 5635 neu,
1181 5577 1209 5622 ut
1232 5567 1289 5637 ipse
1303 5575 1439 5623 testatur:
1463 5567 1519 5642 epo
1530 5568 1599 5626 Deus
1615 5578 1813 5648 approximans,

176 5633 298 5690 arctando
312 5638 434 5705 pervadit
459 5638 539 5706 rigor.
557 5636 699 5695 Nobiscum
720 5640 815 5699 tersisti
837 5654 969 5714 pugnare,
1021 5650 1107 5694 errrore
1123 5637 1192 5693 lleirr
1203 5638 1235 5692 de
1246 5639 1394 5709 lonqinquo.
1412 5637 1443 5692 Si
1456 5639 1596 5695 uircousni
1611 5645 1687 5709 luerit
1701 5647 1775 5704 lrorrro
1787 5653 1815 5707 in

173 5703 261 5758 ruodo
284 5704 330 5760 bei
341 5707 470 5776 poputum
483 5708 648 5777 parturimus
668 5707 702 5762 ad
717 5707 815 5778 ripam,
829 5722 857 5765 er
875 5710 914 5767 sic
930 5724 970 5773 re.
1022 5708 1164 5776 ulmensis,
1187 5726 1248 5780 erqo
1261 5726 1308 5780 epo
1322 5725 1373 5763 uon
1386 5709 1474 5762 ridebo
1496 5712 1570 5765 cunr?
1587 5710 1682 5770 Noirrrr
1702 5735 1748 5784 eqo
1761 5720 1816 5776 im.

173 5788 243 5831 cuin
265 5773 385 5833 rcdbnus
399 5775 433 5832 ad
447 5791 572 5849 pugnam.
588 5776 642 5833 llos
663 5777 712 5833 risi
725 5772 814 5852 pelagi
841 5797 970 5859 parimus
1022 5780 1078 5856 ples
1092 5780 1182 5835 retnis
1204 5788 1229 5832 et
1255 5788 1351 5852 regrum
1366 5776 1439 5850 (ιιι.
1460 5796 1534 5846 anu,
1553 5777 1762 5857 Philaenis,
1786 5801 1816 5853 ος

485 3025 560 3081 Unde
574 3042 662 3098 supra.
