<?xml version="1.0" encoding="UTF-8"?>
<!DOCTYPE html PUBLIC "-//W3C//DTD XHTML 1.0 Transitional//EN"
    "http://www.w3.org/TR/xhtml1/DTD/xhtml1-transitional.dtd">
<html xmlns="http://www.w3.org/1999/xhtml" xml:lang="en" lang="en">
 <head>
  <title>
</title>
<meta http-equiv="Content-Type" content="text/html;charset=utf-8" />
  <meta name='ocr-system' content='tesseract 3.04.00' />
  <meta name='ocr-capabilities' content='ocr_page ocr_carea ocr_par ocr_line ocrx_word'/>
</head>
<body>
  <div class='ocr_page' id='page_1' title='image "./patrologiaecurs126unkngoog/patrologiaecurs126unkngoog_0278.png"; bbox 0 0 4064 6344; ppageno 0'>
   <div class='ocr_carea' id='block_1_1' title="bbox 283 374 1922 476">
    <p class='ocr_par' dir='ltr' id='par_1_1' title="bbox 283 374 1922 476">
     <span class='ocr_line' id='line_1_1' title="bbox 283 374 1922 476; baseline -0.002 -1"><span class='ocrx_word' id='word_1_1' title='bbox 283 374 343 476; x_wconf 44' lang='lat' dir='ltr'><strong>&#39;sn</strong></span> <span class='ocrx_word' id='word_1_2' title='bbox 808 412 835 469; x_wconf 92' lang='grc' dir='ltr'><strong>ε.</strong></span> <span class='ocrx_word' id='word_1_3' title='bbox 856 407 1038 469; x_wconf 72' lang='lat' dir='ltr'><strong>eumenus</strong></span> <span class='ocrx_word' id='word_1_4' title='bbox 1059 410 1210 469; x_wconf 83' lang='lat' dir='ltr'><strong>uurscorr</strong></span> <span class='ocrx_word' id='word_1_5' title='bbox 1231 408 1417 469; x_wconf 78' lang='lat' dir='ltr'><strong>uusmnsrs</strong></span> <span class='ocrx_word' id='word_1_6' title='bbox 1879 412 1922 472; x_wconf 84' lang='lat' dir='ltr'><strong>sn</strong></span> 
     </span>
    </p>
   </div>
   <div class='ocr_carea' id='block_1_2' title="bbox 227 495 1927 1336">
    <p class='ocr_par' dir='ltr' id='par_1_2' title="bbox 227 495 1927 1336">
     <span class='ocr_line' id='line_1_2' title="bbox 227 495 1922 606; baseline -0.002 -16"><span class='ocrx_word' id='word_1_7' title='bbox 227 598 231 606; x_wconf 25' lang='grc' dir='ltr'><em>Ι</em></span> <span class='ocrx_word' id='word_1_8' title='bbox 290 534 345 599; x_wconf 88' lang='lat' dir='ltr'><strong>dit,</strong></span> <span class='ocrx_word' id='word_1_9' title='bbox 361 533 404 590; x_wconf 93' lang='lat' dir='ltr'><strong>cui</strong></span> <span class='ocrx_word' id='word_1_10' title='bbox 422 532 503 589; x_wconf 82' lang='lat' dir='ltr'><strong>etiam</strong></span> <span class='ocrx_word' id='word_1_11' title='bbox 524 535 688 602; x_wconf 86' lang='lat' dir='ltr'><strong>potestatem</strong></span> <span class='ocrx_word' id='word_1_12' title='bbox 709 526 807 596; x_wconf 89' lang='lat' dir='ltr'><strong>ligandi</strong></span> <span class='ocrx_word' id='word_1_13' title='bbox 827 526 1001 597; x_wconf 81' lang='lat' dir='ltr'>solvendique</span> <span class='ocrx_word' id='word_1_14' title='bbox 1020 534 1117 591; x_wconf 78' lang='lat' dir='ltr'><strong>eon-A</strong></span> <span class='ocrx_word' id='word_1_15' title='bbox 1132 528 1159 582; x_wconf 90' lang='lat' dir='ltr'><strong>in</strong></span> <span class='ocrx_word' id='word_1_16' title='bbox 1181 526 1263 583; x_wconf 83' lang='lat' dir='ltr'><strong>licum</strong></span> <span class='ocrx_word' id='word_1_17' title='bbox 1281 528 1308 600; x_wconf 77' lang='lat' dir='ltr'><strong>tl</strong></span> <span class='ocrx_word' id='word_1_18' title='bbox 1323 527 1396 584; x_wconf 84' lang='lat' dir='ltr'><strong>Pctr.</strong></span> <span class='ocrx_word' id='word_1_19' title='bbox 1422 495 1460 596; x_wconf 74' lang='lat' dir='ltr'><strong>ru,</strong></span> <span class='ocrx_word' id='word_1_20' title='bbox 1474 527 1523 594; x_wconf 64' lang='lat' dir='ltr'><strong>ill,</strong></span> <span class='ocrx_word' id='word_1_21' title='bbox 1547 525 1612 600; x_wconf 70' lang='lat' dir='ltr'><strong>El).</strong></span> <span class='ocrx_word' id='word_1_22' title='bbox 1628 526 1679 585; x_wconf 86' lang='lat' dir='ltr'><strong>Ubi</strong></span> <span class='ocrx_word' id='word_1_23' title='bbox 1703 538 1747 588; x_wconf 88' lang='lat' dir='ltr'><strong>est</strong></span> <span class='ocrx_word' id='word_1_24' title='bbox 1764 539 1854 586; x_wconf 86' lang='lat' dir='ltr'><strong>autem</strong></span> <span class='ocrx_word' id='word_1_25' title='bbox 1868 516 1922 586; x_wconf 81' lang='lat' dir='ltr'><strong>eorr-¹</strong></span> 
     </span>
     <span class='ocr_line' id='line_1_3' title="bbox 291 617 1925 691; baseline -0.001 -10"><span class='ocrx_word' id='word_1_26' title='bbox 291 625 380 691; x_wconf 90' lang='lat' dir='ltr'><strong>cessit,</strong></span> <span class='ocrx_word' id='word_1_27' title='bbox 393 625 464 680; x_wconf 85' lang='lat' dir='ltr'><strong>sient</strong></span> <span class='ocrx_word' id='word_1_28' title='bbox 475 623 557 679; x_wconf 83' lang='lat' dir='ltr'><strong>beato</strong></span> <span class='ocrx_word' id='word_1_29' title='bbox 567 619 648 675; x_wconf 86' lang='lat' dir='ltr'><strong>Petro</strong></span> <span class='ocrx_word' id='word_1_30' title='bbox 662 617 770 675; x_wconf 79' lang='lat' dir='ltr'><strong>Veritas</strong></span> <span class='ocrx_word' id='word_1_31' title='bbox 782 617 840 691; x_wconf 85' lang='lat' dir='ltr'><strong>ipsu</strong></span> <span class='ocrx_word' id='word_1_32' title='bbox 855 620 1085 691; x_wconf 83' lang='lat' dir='ltr'><strong>veraciterrepro·</strong></span> <span class='ocrx_word' id='word_1_33' title='bbox 1135 617 1248 673; x_wconf 85' lang='lat' dir='ltr'><strong>scientia</strong></span> <span class='ocrx_word' id='word_1_34' title='bbox 1263 619 1344 687; x_wconf 87' lang='lat' dir='ltr'><strong>bona,</strong></span> <span class='ocrx_word' id='word_1_35' title='bbox 1361 620 1411 675; x_wconf 90' lang='lat' dir='ltr'><strong>nisi</strong></span> <span class='ocrx_word' id='word_1_36' title='bbox 1426 617 1470 675; x_wconf 88' lang='lat' dir='ltr'><strong>ubi</strong></span> <span class='ocrx_word' id='word_1_37' title='bbox 1484 628 1525 675; x_wconf 90' lang='lat' dir='ltr'><strong>est</strong></span> <span class='ocrx_word' id='word_1_38' title='bbox 1539 629 1566 674; x_wconf 86' lang='lat' dir='ltr'><strong>ct</strong></span> <span class='ocrx_word' id='word_1_39' title='bbox 1582 619 1648 677; x_wconf 86' lang='lat' dir='ltr'><strong>lidos</strong></span> <span class='ocrx_word' id='word_1_40' title='bbox 1670 636 1723 676; x_wconf 93' lang='lat' dir='ltr'><strong>non</strong></span> <span class='ocrx_word' id='word_1_41' title='bbox 1743 621 1823 677; x_wconf 87' lang='lat' dir='ltr'><strong>lictal</strong></span> <span class='ocrx_word' id='word_1_42' title='bbox 1847 622 1925 679; x_wconf 80' lang='lat' dir='ltr'><strong>liocet</strong></span> 
     </span>
     <span class='ocr_line' id='line_1_4' title="bbox 291 706 1924 782; baseline -0.004 -9"><span class='ocrx_word' id='word_1_43' title='bbox 291 718 383 782; x_wconf 87' lang='lat' dir='ltr'><strong>mittit,</strong></span> <span class='ocrx_word' id='word_1_44' title='bbox 406 716 518 772; x_wconf 87' lang='lat' dir='ltr'><strong>dicens:</strong></span> <span class='ocrx_word' id='word_1_45' title='bbox 535 711 574 768; x_wconf 86' lang='lat' dir='ltr'><strong>Tn</strong></span> <span class='ocrx_word' id='word_1_46' title='bbox 588 729 615 767; x_wconf 89' lang='lat' dir='ltr'><strong>es</strong></span> <span class='ocrx_word' id='word_1_47' title='bbox 631 710 736 778; x_wconf 80' lang='lat' dir='ltr'><strong>Petrus,</strong></span> <span class='ocrx_word' id='word_1_48' title='bbox 757 718 783 767; x_wconf 86' lang='lat' dir='ltr'><strong>ct</strong></span> <span class='ocrx_word' id='word_1_49' title='bbox 806 728 883 782; x_wconf 86' lang='lat' dir='ltr'><strong>snper</strong></span> <span class='ocrx_word' id='word_1_50' title='bbox 906 711 972 766; x_wconf 84' lang='lat' dir='ltr'><strong>irene</strong></span> <span class='ocrx_word' id='word_1_51' title='bbox 984 720 1085 780; x_wconf 84' lang='lat' dir='ltr'><strong>petrum</strong></span> <span class='ocrx_word' id='word_1_52' title='bbox 1136 708 1357 778; x_wconf 88' lang='lat' dir='ltr'><strong>enimapostolus</strong></span> <span class='ocrx_word' id='word_1_53' title='bbox 1370 706 1488 766; x_wconf 85' lang='lat' dir='ltr'><strong>Paulus:</strong></span> <span class='ocrx_word' id='word_1_54' title='bbox 1502 706 1570 775; x_wconf 82' lang='lat' dir='ltr'><strong>Quia</strong></span> <span class='ocrx_word' id='word_1_55' title='bbox 1582 709 1644 780; x_wconf 73' lang='lat' dir='ltr'><strong>finis</strong></span> <span class='ocrx_word' id='word_1_56' title='bbox 1652 713 1775 782; x_wconf 81' lang='lat' dir='ltr'><strong>precepti</strong></span> <span class='ocrx_word' id='word_1_57' title='bbox 1785 720 1824 767; x_wconf 87' lang='lat' dir='ltr'><strong>est</strong></span> <span class='ocrx_word' id='word_1_58' title='bbox 1833 713 1924 767; x_wconf 83' lang='lat' dir='ltr'><strong>caritas</strong></span> 
     </span>
     <span class='ocr_line' id='line_1_5' title="bbox 291 799 1925 880; baseline -0.005 -13"><span class='ocrx_word' id='word_1_59' title='bbox 291 808 427 880; x_wconf 74' lang='lat' dir='ltr'><strong>edificabo</strong></span> <span class='ocrx_word' id='word_1_60' title='bbox 449 805 596 861; x_wconf 82' lang='lat' dir='ltr'><strong>Ecclesiam</strong></span> <span class='ocrx_word' id='word_1_61' title='bbox 614 820 709 873; x_wconf 75' lang='lat' dir='ltr'><strong>marn,</strong></span> <span class='ocrx_word' id='word_1_62' title='bbox 733 812 758 858; x_wconf 86' lang='lat' dir='ltr'><strong>ct</strong></span> <span class='ocrx_word' id='word_1_63' title='bbox 781 812 863 875; x_wconf 78' lang='lat' dir='ltr'><strong>portu</strong></span> <span class='ocrx_word' id='word_1_64' title='bbox 876 803 1019 876; x_wconf 65' lang='lat' dir='ltr'><strong>inferorum</strong></span> <span class='ocrx_word' id='word_1_65' title='bbox 1031 819 1085 858; x_wconf 89' lang='lat' dir='ltr'><strong>non</strong></span> <span class='ocrx_word' id='word_1_66' title='bbox 1135 799 1167 854; x_wconf 86' lang='lat' dir='ltr'><strong>tle</strong></span> <span class='ocrx_word' id='word_1_67' title='bbox 1180 802 1258 856; x_wconf 81' lang='lat' dir='ltr'><strong>corde</strong></span> <span class='ocrx_word' id='word_1_68' title='bbox 1275 819 1350 873; x_wconf 82' lang='lat' dir='ltr'><strong>puro,</strong></span> <span class='ocrx_word' id='word_1_69' title='bbox 1365 812 1391 857; x_wconf 89' lang='lat' dir='ltr'><strong>ct</strong></span> <span class='ocrx_word' id='word_1_70' title='bbox 1410 802 1567 858; x_wconf 83' lang='lat' dir='ltr'><strong>conscientie</strong></span> <span class='ocrx_word' id='word_1_71' title='bbox 1587 801 1670 871; x_wconf 82' lang='lat' dir='ltr'><strong>lona,</strong></span> <span class='ocrx_word' id='word_1_72' title='bbox 1690 811 1714 859; x_wconf 87' lang='lat' dir='ltr'><strong>et</strong></span> <span class='ocrx_word' id='word_1_73' title='bbox 1729 804 1782 875; x_wconf 70' lang='lat' dir='ltr'><strong>fide</strong></span> <span class='ocrx_word' id='word_1_74' title='bbox 1801 822 1853 860; x_wconf 91' lang='lat' dir='ltr'><strong>non</strong></span> <span class='ocrx_word' id='word_1_75' title='bbox 1867 806 1925 876; x_wconf 72' lang='lat' dir='ltr'><strong>ticts</strong></span> 
     </span>
     <span class='ocr_line' id='line_1_6' title="bbox 290 889 1925 973; baseline -0.002 -17"><span class='ocrx_word' id='word_1_76' title='bbox 290 897 463 973; x_wconf 65' lang='lat' dir='ltr'><strong>prevalebunt</strong></span> <span class='ocrx_word' id='word_1_77' title='bbox 477 898 599 953; x_wconf 77' lang='lat' dir='ltr'><strong>aduersus</strong></span> <span class='ocrx_word' id='word_1_78' title='bbox 618 912 692 962; x_wconf 87' lang='lat' dir='ltr'><strong>eam,·</strong></span> <span class='ocrx_word' id='word_1_79' title='bbox 712 902 738 949; x_wconf 87' lang='lat' dir='ltr'><strong>et</strong></span> <span class='ocrx_word' id='word_1_80' title='bbox 761 894 807 949; x_wconf 85' lang='lat' dir='ltr'><strong>tili</strong></span> <span class='ocrx_word' id='word_1_81' title='bbox 823 895 892 952; x_wconf 82' lang='lat' dir='ltr'><strong>dcto</strong></span> <span class='ocrx_word' id='word_1_82' title='bbox 915 895 999 951; x_wconf 83' lang='lat' dir='ltr'><strong>clunes</strong></span> <span class='ocrx_word' id='word_1_83' title='bbox 1012 894 1084 967; x_wconf 76' lang='lat' dir='ltr'><strong>repni</strong></span> <span class='ocrx_word' id='word_1_84' title='bbox 1136 889 1163 965; x_wconf 84' lang='lat' dir='ltr'><strong>(l</strong></span> <span class='ocrx_word' id='word_1_85' title='bbox 1179 890 1246 948; x_wconf 79' lang='lat' dir='ltr'><strong>Tim.</strong></span> <span class='ocrx_word' id='word_1_86' title='bbox 1262 909 1280 961; x_wconf 85' lang='lat' dir='ltr'><strong>r,</strong></span> <span class='ocrx_word' id='word_1_87' title='bbox 1292 892 1331 965; x_wconf 79' lang='lat'><strong>5).</strong></span> <span class='ocrx_word' id='word_1_88' title='bbox 1344 892 1413 962; x_wconf 84' lang='lat' dir='ltr'>Quid</span> <span class='ocrx_word' id='word_1_89' title='bbox 1425 908 1490 964; x_wconf 91' lang='lat' dir='ltr'><strong>crgo</strong></span> <span class='ocrx_word' id='word_1_90' title='bbox 1502 909 1571 965; x_wconf 83' lang='lat' dir='ltr'><strong>aqua</strong></span> <span class='ocrx_word' id='word_1_91' title='bbox 1584 893 1676 951; x_wconf 85' lang='lat' dir='ltr'><strong>diluuii</strong></span> <span class='ocrx_word' id='word_1_92' title='bbox 1687 896 1863 952; x_wconf 84' lang='lat' dir='ltr'><strong>nonssluarit</strong></span> <span class='ocrx_word' id='word_1_93' title='bbox 1877 911 1925 961; x_wconf 47' lang='grc' dir='ltr'><strong>ειη</strong></span> 
     </span>
     <span class='ocr_line' id='line_1_7' title="bbox 290 985 1923 1060; baseline -0.001 -14"><span class='ocrx_word' id='word_1_94' title='bbox 290 990 422 1053; x_wconf 84' lang='lat' dir='ltr'><strong>celorum,</strong></span> <span class='ocrx_word' id='word_1_95' title='bbox 436 997 461 1044; x_wconf 85' lang='lat' dir='ltr'><strong>et</strong></span> <span class='ocrx_word' id='word_1_96' title='bbox 474 988 642 1060; x_wconf 83' lang='lat' dir='ltr'><strong>qaodcunque</strong></span> <span class='ocrx_word' id='word_1_97' title='bbox 657 986 805 1059; x_wconf 76' lang='lat' dir='ltr'><strong>alligaveris</strong></span> <span class='ocrx_word' id='word_1_98' title='bbox 819 1002 897 1057; x_wconf 84' lang='lat' dir='ltr'><strong>snper</strong></span> <span class='ocrx_word' id='word_1_99' title='bbox 914 994 1020 1054; x_wconf 76' lang='lat' dir='ltr'><strong>terrain,</strong></span> <span class='ocrx_word' id='word_1_100' title='bbox 1036 988 1085 1042; x_wconf 88' lang='lat' dir='ltr'><strong>erit</strong></span> <span class='ocrx_word' id='word_1_101' title='bbox 1136 991 1178 1040; x_wconf 87' lang='lat' dir='ltr'><strong>tra</strong></span> <span class='ocrx_word' id='word_1_102' title='bbox 1192 1000 1282 1041; x_wconf 86' lang='lat' dir='ltr'><strong>arcam</strong></span> <span class='ocrx_word' id='word_1_103' title='bbox 1291 986 1405 1058; x_wconf 89' lang='lat' dir='ltr'><strong>positos,</strong></span> <span class='ocrx_word' id='word_1_104' title='bbox 1420 985 1468 1043; x_wconf 84' lang='lat' dir='ltr'><strong>sed</strong></span> <span class='ocrx_word' id='word_1_105' title='bbox 1478 986 1595 1043; x_wconf 80' lang='lat' dir='ltr'><strong>eccidit?</strong></span> <span class='ocrx_word' id='word_1_106' title='bbox 1605 985 1670 1044; x_wconf 87' lang='lat' dir='ltr'><strong>Sine</strong></span> <span class='ocrx_word' id='word_1_107' title='bbox 1683 986 1765 1044; x_wconf 88' lang='lat' dir='ltr'><strong>dubio</strong></span> <span class='ocrx_word' id='word_1_108' title='bbox 1777 988 1923 1059; x_wconf 78' lang='lat' dir='ltr'><strong>preligura·</strong></span> 
     </span>
     <span class='ocr_line' id='line_1_8' title="bbox 290 1076 1925 1152; baseline 0.002 -15"><span class='ocrx_word' id='word_1_109' title='bbox 290 1080 399 1152; x_wconf 75' lang='lat' dir='ltr'><strong>ligetune</strong></span> <span class='ocrx_word' id='word_1_110' title='bbox 412 1087 437 1134; x_wconf 86' lang='lat' dir='ltr'><strong>et</strong></span> <span class='ocrx_word' id='word_1_111' title='bbox 451 1080 479 1134; x_wconf 87' lang='lat' dir='ltr'><strong>in</strong></span> <span class='ocrx_word' id='word_1_112' title='bbox 498 1079 576 1145; x_wconf 84' lang='lat' dir='ltr'><strong>coelo,·</strong></span> <span class='ocrx_word' id='word_1_113' title='bbox 586 1086 612 1133; x_wconf 85' lang='lat' dir='ltr'><strong>et</strong></span> <span class='ocrx_word' id='word_1_114' title='bbox 630 1077 799 1150; x_wconf 70' lang='lat' dir='ltr'><strong>quodcunque</strong></span> <span class='ocrx_word' id='word_1_115' title='bbox 812 1077 919 1132; x_wconf 78' lang='lat' dir='ltr'><strong>solveris</strong></span> <span class='ocrx_word' id='word_1_116' title='bbox 932 1093 1010 1149; x_wconf 85' lang='lat' dir='ltr'><strong>snper</strong></span> <span class='ocrx_word' id='word_1_117' title='bbox 1031 1087 1084 1132; x_wconf 84' lang='lat' dir='ltr'><strong>ter·</strong></span> <span class='ocrx_word' id='word_1_118' title='bbox 1135 1076 1183 1132; x_wconf 85' lang='lat' dir='ltr'><strong>bat</strong></span> <span class='ocrx_word' id='word_1_119' title='bbox 1203 1093 1311 1135; x_wconf 88' lang='lat' dir='ltr'><strong>omnem</strong></span> <span class='ocrx_word' id='word_1_120' title='bbox 1324 1079 1496 1147; x_wconf 75' lang='lat' dir='ltr'><strong>hereticum,</strong></span> <span class='ocrx_word' id='word_1_121' title='bbox 1512 1078 1576 1136; x_wconf 88' lang='lat' dir='ltr'><strong>lieet</strong></span> <span class='ocrx_word' id='word_1_122' title='bbox 1592 1080 1737 1137; x_wconf 76' lang='lat' dir='ltr'>habentem</span> <span class='ocrx_word' id='word_1_123' title='bbox 1758 1081 1925 1152; x_wconf 77' lang='lat' dir='ltr'><strong>baptismalis</strong></span> 
     </span>
     <span class='ocr_line' id='line_1_9' title="bbox 290 1165 1925 1242; baseline 0.003 -15"><span class='ocrx_word' id='word_1_124' title='bbox 290 1188 359 1240; x_wconf 87' lang='lat' dir='ltr'><strong>rom,</strong></span> <span class='ocrx_word' id='word_1_125' title='bbox 374 1171 545 1227; x_wconf 85' lang='lat' dir='ltr'><strong>eritsotntnm</strong></span> <span class='ocrx_word' id='word_1_126' title='bbox 556 1177 581 1225; x_wconf 90' lang='lat' dir='ltr'><strong>et</strong></span> <span class='ocrx_word' id='word_1_127' title='bbox 599 1171 628 1224; x_wconf 85' lang='lat' dir='ltr'><strong>in</strong></span> <span class='ocrx_word' id='word_1_128' title='bbox 642 1169 706 1225; x_wconf 85' lang='lat' dir='ltr'><strong>celo</strong></span> <span class='ocrx_word' id='word_1_129' title='bbox 720 1166 829 1241; x_wconf 68' lang='lat' dir='ltr'><strong>(Metti.</strong></span> <span class='ocrx_word' id='word_1_130' title='bbox 842 1182 896 1235; x_wconf 76' lang='lat' dir='ltr'><strong>rur,</strong></span> <span class='ocrx_word' id='word_1_131' title='bbox 912 1167 957 1235; x_wconf 86' lang='lat' dir='ltr'><strong>l8,</strong></span> <span class='ocrx_word' id='word_1_132' title='bbox 973 1165 1031 1239; x_wconf 75' lang='lat' dir='ltr'><strong>li).</strong></span> <span class='ocrx_word' id='word_1_133' title='bbox 1043 1167 1084 1225; x_wconf 78' lang='lat' dir='ltr'><strong>Ab</strong></span> <span class='ocrx_word' id='word_1_134' title='bbox 1135 1175 1344 1235; x_wconf 88' lang='lat' dir='ltr'><strong>sacramentum,</strong></span> <span class='ocrx_word' id='word_1_135' title='bbox 1365 1185 1420 1225; x_wconf 90' lang='lat' dir='ltr'><strong>non</strong></span> <span class='ocrx_word' id='word_1_136' title='bbox 1441 1168 1510 1238; x_wconf 88' lang='lat' dir='ltr'><strong>aliis,</strong></span> <span class='ocrx_word' id='word_1_137' title='bbox 1526 1168 1576 1226; x_wconf 91' lang='lat' dir='ltr'><strong>sed</strong></span> <span class='ocrx_word' id='word_1_138' title='bbox 1600 1169 1664 1242; x_wconf 88' lang='lat' dir='ltr'><strong>ipsis</strong></span> <span class='ocrx_word' id='word_1_139' title='bbox 1678 1171 1754 1241; x_wconf 84' lang='lat' dir='ltr'><strong>aquis</strong></span> <span class='ocrx_word' id='word_1_140' title='bbox 1768 1171 1802 1227; x_wconf 87' lang='lat' dir='ltr'><strong>ad</strong></span> <span class='ocrx_word' id='word_1_141' title='bbox 1824 1172 1925 1232; x_wconf 82' lang='lat' dir='ltr'><strong>interna</strong></span> 
     </span>
     <span class='ocr_line' id='line_1_10' title="bbox 290 1259 1927 1336; baseline 0.002 -18"><span class='ocrx_word' id='word_1_142' title='bbox 290 1262 342 1319; x_wconf 86' lang='lat' dir='ltr'><strong>hac</strong></span> <span class='ocrx_word' id='word_1_143' title='bbox 354 1261 473 1319; x_wconf 78' lang='lat' dir='ltr'>Ecclesia</span> <span class='ocrx_word' id='word_1_144' title='bbox 484 1276 543 1333; x_wconf 73' lang='lat' dir='ltr'><strong>quac</strong></span> <span class='ocrx_word' id='word_1_145' title='bbox 553 1261 645 1318; x_wconf 83' lang='lat' dir='ltr'><strong>claves</strong></span> <span class='ocrx_word' id='word_1_146' title='bbox 658 1260 734 1330; x_wconf 88' lang='lat' dir='ltr'><strong>regui</strong></span> <span class='ocrx_word' id='word_1_147' title='bbox 744 1259 874 1317; x_wconf 79' lang='lat' dir='ltr'><strong>culorum</strong></span> <span class='ocrx_word' id='word_1_148' title='bbox 888 1260 1004 1331; x_wconf 87' lang='lat' dir='ltr'><strong>accepit,</strong></span> <span class='ocrx_word' id='word_1_149' title='bbox 1014 1261 1085 1331; x_wconf 85' lang='lat' dir='ltr'><strong>quis-</strong></span> <span class='ocrx_word' id='word_1_150' title='bbox 1135 1259 1321 1329; x_wconf 88' lang='lat' dir='ltr'><strong>mergendum,</strong></span> <span class='ocrx_word' id='word_1_151' title='bbox 1330 1260 1496 1332; x_wconf 83' lang='lat' dir='ltr'><strong>quibusarea</strong></span> <span class='ocrx_word' id='word_1_152' title='bbox 1506 1262 1664 1319; x_wconf 81' lang='lat' dir='ltr'><strong>sublevatur</strong></span> <span class='ocrx_word' id='word_1_153' title='bbox 1673 1262 1708 1319; x_wconf 87' lang='lat' dir='ltr'><strong>ad</strong></span> <span class='ocrx_word' id='word_1_154' title='bbox 1719 1264 1827 1321; x_wconf 84' lang='lat' dir='ltr'><strong>ooeluns.</strong></span> <span class='ocrx_word' id='word_1_155' title='bbox 1837 1263 1927 1336; x_wconf 82' lang='lat' dir='ltr'><strong>Neque</strong></span> 
     </span>
    </p>
   </div>
   <div class='ocr_carea' id='block_1_3' title="bbox 290 1347 2025 1427">
    <p class='ocr_par' dir='ltr' id='par_1_3' title="bbox 290 1347 2025 1427">
     <span class='ocr_line' id='line_1_11' title="bbox 290 1347 2025 1427; baseline 0.004 -18"><span class='ocrx_word' id='word_1_156' title='bbox 290 1353 351 1425; x_wconf 85' lang='lat' dir='ltr'><strong>quis</strong></span> <span class='ocrx_word' id='word_1_157' title='bbox 365 1352 430 1408; x_wconf 90' lang='lat' dir='ltr'><strong>loris</strong></span> <span class='ocrx_word' id='word_1_158' title='bbox 443 1359 501 1420; x_wconf 90' lang='lat' dir='ltr'><strong>est,</strong></span> <span class='ocrx_word' id='word_1_159' title='bbox 527 1365 582 1407; x_wconf 92' lang='lat' dir='ltr'><strong>nou</strong></span> <span class='ocrx_word' id='word_1_160' title='bbox 595 1349 656 1408; x_wconf 84' lang='lat' dir='ltr'><strong>eoeli</strong></span> <span class='ocrx_word' id='word_1_161' title='bbox 676 1350 748 1406; x_wconf 84' lang='lat' dir='ltr'><strong>uiam</strong></span> <span class='ocrx_word' id='word_1_162' title='bbox 761 1347 892 1420; x_wconf 74' lang='lat' dir='ltr'><strong>graditur,</strong></span> <span class='ocrx_word' id='word_1_163' title='bbox 913 1347 1083 1419; x_wconf 88' lang='lat' dir='ltr'><strong>sedlnlcrni;</strong></span> <span class='ocrx_word' id='word_1_164' title='bbox 1136 1350 1253 1407; x_wconf 86' lang='lat' dir='ltr'><strong>euimob</strong></span> <span class='ocrx_word' id='word_1_165' title='bbox 1268 1351 1343 1408; x_wconf 86' lang='lat' dir='ltr'><strong>aliud</strong></span> <span class='ocrx_word' id='word_1_166' title='bbox 1357 1353 1396 1409; x_wconf 91' lang='lat' dir='ltr'><strong>eis</strong></span> <span class='ocrx_word' id='word_1_167' title='bbox 1410 1354 1536 1412; x_wconf 86' lang='lat' dir='ltr'><strong>interitus</strong></span> <span class='ocrx_word' id='word_1_168' title='bbox 1555 1371 1605 1427; x_wconf 86' lang='lat' dir='ltr'><strong>per</strong></span> <span class='ocrx_word' id='word_1_169' title='bbox 1619 1370 1716 1427; x_wconf 86' lang='lat' dir='ltr'><strong>aquam</strong></span> <span class='ocrx_word' id='word_1_170' title='bbox 1730 1357 1866 1427; x_wconf 89' lang='lat' dir='ltr'><strong>nascitur,</strong></span> <span class='ocrx_word' id='word_1_171' title='bbox 1879 1359 1927 1416; x_wconf 89' lang='lat' dir='ltr'><strong>uisi</strong></span> <span class='ocrx_word' id='word_1_172' title='bbox 2024 1380 2025 1405; x_wconf 65' lang='grc' dir='ltr'><strong>ι</strong></span> 
     </span>
    </p>
   </div>
   <div class='ocr_carea' id='block_1_4' title="bbox 266 1438 1929 2624">
    <p class='ocr_par' dir='ltr' id='par_1_4' title="bbox 289 1438 1927 1880">
     <span class='ocr_line' id='line_1_12' title="bbox 290 1438 1926 1523; baseline 0.004 -23"><span class='ocrx_word' id='word_1_173' title='bbox 290 1458 341 1500; x_wconf 88' lang='lat' dir='ltr'><strong>uec</strong></span> <span class='ocrx_word' id='word_1_174' title='bbox 362 1442 450 1499; x_wconf 91' lang='lat' dir='ltr'><strong>teudit</strong></span> <span class='ocrx_word' id='word_1_175' title='bbox 469 1440 503 1497; x_wconf 90' lang='lat' dir='ltr'><strong>ad</strong></span> <span class='ocrx_word' id='word_1_176' title='bbox 517 1449 625 1497; x_wconf 73' lang='lat' dir='ltr'><strong>eternae</strong></span> <span class='ocrx_word' id='word_1_177' title='bbox 642 1440 706 1496; x_wconf 76' lang='lat' dir='ltr'><strong>uite</strong></span> <span class='ocrx_word' id='word_1_178' title='bbox 733 1438 853 1508; x_wconf 90' lang='lat' dir='ltr'><strong>domum,</strong></span> <span class='ocrx_word' id='word_1_179' title='bbox 879 1438 926 1496; x_wconf 89' lang='lat' dir='ltr'><strong>sed</strong></span> <span class='ocrx_word' id='word_1_180' title='bbox 941 1440 1027 1497; x_wconf 90' lang='lat' dir='ltr'><strong>currit</strong></span> <span class='ocrx_word' id='word_1_181' title='bbox 1050 1440 1085 1498; x_wconf 87' lang='lat' dir='ltr'><strong>ad</strong></span> <span class='ocrx_word' id='word_1_182' title='bbox 1135 1442 1199 1513; x_wconf 84' lang='lat' dir='ltr'><strong>quia</strong></span> <span class='ocrx_word' id='word_1_183' title='bbox 1212 1457 1261 1500; x_wconf 92' lang='lat' dir='ltr'><strong>eos</strong></span> <span class='ocrx_word' id='word_1_184' title='bbox 1284 1459 1353 1501; x_wconf 74' lang='lat' dir='ltr'><strong>areae</strong></span> <span class='ocrx_word' id='word_1_185' title='bbox 1367 1462 1422 1502; x_wconf 90' lang='lat' dir='ltr'><strong>non</strong></span> <span class='ocrx_word' id='word_1_186' title='bbox 1436 1448 1557 1504; x_wconf 88' lang='lat' dir='ltr'><strong>eontinet</strong></span> <span class='ocrx_word' id='word_1_187' title='bbox 1577 1448 1673 1505; x_wconf 87' lang='lat' dir='ltr'><strong>sinus:</strong></span> <span class='ocrx_word' id='word_1_188' title='bbox 1691 1449 1718 1504; x_wconf 90' lang='lat' dir='ltr'><strong>iu</strong></span> <span class='ocrx_word' id='word_1_189' title='bbox 1732 1464 1786 1519; x_wconf 86' lang='lat' dir='ltr'><strong>quo</strong></span> <span class='ocrx_word' id='word_1_190' title='bbox 1807 1450 1868 1507; x_wconf 90' lang='lat' dir='ltr'><strong>solo</strong></span> <span class='ocrx_word' id='word_1_191' title='bbox 1879 1466 1926 1523; x_wconf 86' lang='lat' dir='ltr'><strong>po·</strong></span> 
     </span>
     <span class='ocr_line' id='line_1_13' title="bbox 290 1529 1927 1617; baseline 0.01 -29"><span class='ocrx_word' id='word_1_192' title='bbox 290 1533 386 1589; x_wconf 88' lang='lat' dir='ltr'><strong>mortis</strong></span> <span class='ocrx_word' id='word_1_193' title='bbox 408 1541 517 1588; x_wconf 71' lang='lat' dir='ltr'><strong>aeternae</strong></span> <span class='ocrx_word' id='word_1_194' title='bbox 536 1530 711 1602; x_wconf 67' lang='lat' dir='ltr'><strong>supplicium</strong></span> <span class='ocrx_word' id='word_1_195' title='bbox 727 1545 782 1586; x_wconf 93' lang='lat' dir='ltr'><strong>non</strong></span> <span class='ocrx_word' id='word_1_196' title='bbox 805 1529 893 1586; x_wconf 90' lang='lat' dir='ltr'><strong>solum</strong></span> <span class='ocrx_word' id='word_1_197' title='bbox 906 1530 929 1585; x_wconf 88' lang='lat' dir='ltr'><strong>si</strong></span> <span class='ocrx_word' id='word_1_198' title='bbox 944 1538 1085 1588; x_wconf 88' lang='lat' dir='ltr'><strong>remaneat</strong></span> <span class='ocrx_word' id='word_1_199' title='bbox 1136 1544 1191 1593; x_wconf 90' lang='lat' dir='ltr'><strong>test</strong></span> <span class='ocrx_word' id='word_1_200' title='bbox 1214 1539 1305 1597; x_wconf 80' lang='lat' dir='ltr'><strong>virere</strong></span> <span class='ocrx_word' id='word_1_201' title='bbox 1332 1541 1455 1613; x_wconf 85' lang='lat' dir='ltr'><strong>quisquis</strong></span> <span class='ocrx_word' id='word_1_202' title='bbox 1475 1560 1530 1601; x_wconf 89' lang='lat' dir='ltr'><strong>non</strong></span> <span class='ocrx_word' id='word_1_203' title='bbox 1553 1545 1612 1600; x_wconf 77' lang='lat' dir='ltr'><strong>vuli</strong></span> <span class='ocrx_word' id='word_1_204' title='bbox 1637 1545 1715 1617; x_wconf 87' lang='lat' dir='ltr'><strong>aquis</strong></span> <span class='ocrx_word' id='word_1_205' title='bbox 1737 1546 1865 1604; x_wconf 82' lang='lat' dir='ltr'><strong>ritalilms</strong></span> <span class='ocrx_word' id='word_1_206' title='bbox 1888 1547 1927 1605; x_wconf 88' lang='lat' dir='ltr'><strong>iu·</strong></span> 
     </span>
     <span class='ocr_line' id='line_1_14' title="bbox 289 1622 1229 1698; baseline 0.003 -16"><span class='ocrx_word' id='word_1_207' title='bbox 289 1625 348 1682; x_wconf 90' lang='lat' dir='ltr'><strong>siue</strong></span> <span class='ocrx_word' id='word_1_208' title='bbox 360 1625 495 1698; x_wconf 85' lang='lat' dir='ltr'><strong>baptismo</strong></span> <span class='ocrx_word' id='word_1_209' title='bbox 512 1637 644 1696; x_wconf 86' lang='lat' dir='ltr'><strong>paganus,</strong></span> <span class='ocrx_word' id='word_1_210' title='bbox 665 1622 714 1679; x_wconf 88' lang='lat' dir='ltr'><strong>sed</strong></span> <span class='ocrx_word' id='word_1_211' title='bbox 728 1622 810 1679; x_wconf 90' lang='lat' dir='ltr'><strong>etiam</strong></span> <span class='ocrx_word' id='word_1_212' title='bbox 830 1622 853 1678; x_wconf 88' lang='lat' dir='ltr'><strong>si</strong></span> <span class='ocrx_word' id='word_1_213' title='bbox 866 1622 894 1678; x_wconf 94' lang='lat' dir='ltr'><strong>in</strong></span> <span class='ocrx_word' id='word_1_214' title='bbox 907 1622 1018 1679; x_wconf 88' lang='lat' dir='ltr'><strong>nornine</strong></span> <span class='ocrx_word' id='word_1_215' title='bbox 1031 1624 1084 1680; x_wconf 85' lang='lat' dir='ltr'><strong>Pa·</strong></span> <span class='ocrx_word' id='word_1_216' title='bbox 1135 1629 1229 1685; x_wconf 81' lang='lat' dir='ltr'><strong>terico.</strong></span> 
     </span>
     <span class='ocr_line' id='line_1_15' title="bbox 290 1690 1621 1826; baseline -0.003 -51"><span class='ocrx_word' id='word_1_217' title='bbox 290 1718 348 1787; x_wconf 88' lang='lat' dir='ltr'><strong>tris,</strong></span> <span class='ocrx_word' id='word_1_218' title='bbox 363 1725 391 1774; x_wconf 90' lang='lat' dir='ltr'><strong>et</strong></span> <span class='ocrx_word' id='word_1_219' title='bbox 401 1717 470 1786; x_wconf 87' lang='lat' dir='ltr'><strong>Eilli,</strong></span> <span class='ocrx_word' id='word_1_220' title='bbox 485 1725 513 1774; x_wconf 91' lang='lat' dir='ltr'><strong>et</strong></span> <span class='ocrx_word' id='word_1_221' title='bbox 525 1690 642 1788; x_wconf 85' lang='lat' dir='ltr'><strong>Spiritus</strong></span> <span class='ocrx_word' id='word_1_222' title='bbox 661 1714 749 1771; x_wconf 88' lang='lat' dir='ltr'><strong>sancti</strong></span> <span class='ocrx_word' id='word_1_223' title='bbox 762 1713 914 1785; x_wconf 83' lang='lat' dir='ltr'><strong>baptizatus</strong></span> <span class='ocrx_word' id='word_1_224' title='bbox 927 1722 1085 1786; x_wconf 84' lang='lat' dir='ltr'><strong>perseueret</strong></span> <span class='ocrx_word' id='word_1_225' title='bbox 1425 1766 1543 1825; x_wconf 58' lang='lat' dir='ltr'>CAPUT</span> <span class='ocrx_word' id='word_1_226' title='bbox 1562 1767 1621 1826; x_wconf 67' lang='lat' dir='ltr'>m</span> 
     </span>
     <span class='ocr_line' id='line_1_16' title="bbox 289 1804 1632 1880; baseline -0.005 -13"><span class='ocrx_word' id='word_1_227' title='bbox 289 1811 440 1868; x_wconf 68' lang='lat' dir='ltr'><strong>haereticus.</strong></span> <span class='ocrx_word' id='word_1_228' title='bbox 453 1810 546 1880; x_wconf 84' lang='lat' dir='ltr'><strong>Neque</strong></span> <span class='ocrx_word' id='word_1_229' title='bbox 557 1808 628 1865; x_wconf 84' lang='lat' dir='ltr'><strong>errim</strong></span> <span class='ocrx_word' id='word_1_230' title='bbox 640 1804 825 1879; x_wconf 86' lang='lat' dir='ltr'><strong>perbaptismi</strong></span> <span class='ocrx_word' id='word_1_231' title='bbox 840 1805 967 1862; x_wconf 88' lang='lat' dir='ltr'><strong>meritum</strong></span> <span class='ocrx_word' id='word_1_232' title='bbox 980 1805 1084 1877; x_wconf 90' lang='lat' dir='ltr'><strong>adipis·</strong></span> <span class='ocrx_word' id='word_1_233' title='bbox 1625 1808 1632 1824; x_wconf 82' lang='lat'>¹</span> 
     </span>
    </p>

    <p class='ocr_par' dir='ltr' id='par_1_5' title="bbox 266 1894 1929 2624">
     <span class='ocr_line' id='line_1_17' title="bbox 266 1894 1929 1978; baseline 0.007 -20"><span class='ocrx_word' id='word_1_234' title='bbox 266 1962 270 1969; x_wconf 63' lang='grc'><strong>,</strong></span> <span class='ocrx_word' id='word_1_235' title='bbox 289 1902 360 1958; x_wconf 87' lang='lat' dir='ltr'><strong>citur</strong></span> <span class='ocrx_word' id='word_1_236' title='bbox 371 1917 463 1958; x_wconf 79' lang='lat' dir='ltr'><strong>seram</strong></span> <span class='ocrx_word' id='word_1_237' title='bbox 484 1901 577 1967; x_wconf 76' lang='lat' dir='ltr'><strong>vitam,</strong></span> <span class='ocrx_word' id='word_1_238' title='bbox 593 1898 615 1955; x_wconf 91' lang='lat' dir='ltr'><strong>si</strong></span> <span class='ocrx_word' id='word_1_239' title='bbox 628 1897 689 1970; x_wconf 88' lang='lat' dir='ltr'><strong>quis</strong></span> <span class='ocrx_word' id='word_1_240' title='bbox 699 1897 726 1952; x_wconf 93' lang='lat' dir='ltr'><strong>in</strong></span> <span class='ocrx_word' id='word_1_241' title='bbox 740 1897 852 1953; x_wconf 88' lang='lat' dir='ltr'><strong>nomine</strong></span> <span class='ocrx_word' id='word_1_242' title='bbox 863 1894 961 1964; x_wconf 86' lang='lat' dir='ltr'><strong>Patris,</strong></span> <span class='ocrx_word' id='word_1_243' title='bbox 973 1895 1082 1967; x_wconf 86' lang='lat' dir='ltr'><strong>etEilii,</strong></span> <span class='ocrx_word' id='word_1_244' title='bbox 1097 1912 1123 1977; x_wconf 90' lang='lat' dir='ltr'>B</span> <span class='ocrx_word' id='word_1_245' title='bbox 1170 1896 1255 1970; x_wconf 83' lang='lat' dir='ltr'><strong>llujus</strong></span> <span class='ocrx_word' id='word_1_246' title='bbox 1265 1915 1335 1959; x_wconf 73' lang='lat' dir='ltr'><strong>arcae</strong></span> <span class='ocrx_word' id='word_1_247' title='bbox 1348 1902 1505 1975; x_wconf 78' lang='lat' dir='ltr'><strong>mysterium</strong></span> <span class='ocrx_word' id='word_1_248' title='bbox 1517 1902 1669 1978; x_wconf 76' lang='lat' dir='ltr'><strong>Cyprianus</strong></span> <span class='ocrx_word' id='word_1_249' title='bbox 1678 1906 1852 1967; x_wconf 84' lang='lat' dir='ltr'><strong>beatissimus</strong></span> <span class='ocrx_word' id='word_1_250' title='bbox 1861 1928 1929 1971; x_wconf 80' lang='lat' dir='ltr'><strong>mur·</strong></span> 
     </span>
     <span class='ocr_line' id='line_1_18' title="bbox 287 1988 1929 2070; baseline 0.005 -19"><span class='ocrx_word' id='word_1_251' title='bbox 287 2003 318 2051; x_wconf 87' lang='lat' dir='ltr'><strong>et</strong></span> <span class='ocrx_word' id='word_1_252' title='bbox 340 1994 455 2066; x_wconf 81' lang='lat' dir='ltr'><strong>Spiritus</strong></span> <span class='ocrx_word' id='word_1_253' title='bbox 477 1994 573 2061; x_wconf 86' lang='lat' dir='ltr'><strong>sancti,</strong></span> <span class='ocrx_word' id='word_1_254' title='bbox 588 1993 646 2049; x_wconf 84' lang='lat' dir='ltr'><strong>slve</strong></span> <span class='ocrx_word' id='word_1_255' title='bbox 663 1992 735 2047; x_wconf 89' lang='lat' dir='ltr'><strong>intra</strong></span> <span class='ocrx_word' id='word_1_256' title='bbox 754 1988 920 2060; x_wconf 86' lang='lat' dir='ltr'><strong>Ecclesiam,</strong></span> <span class='ocrx_word' id='word_1_257' title='bbox 933 1991 990 2048; x_wconf 84' lang='lat' dir='ltr'><strong>sive</strong></span> <span class='ocrx_word' id='word_1_258' title='bbox 1007 1999 1084 2049; x_wconf 85' lang='lat' dir='ltr'><strong>extra</strong></span> <span class='ocrx_word' id='word_1_259' title='bbox 1136 1995 1180 2062; x_wconf 83' lang='lat' dir='ltr'><strong>tyr</strong></span> <span class='ocrx_word' id='word_1_260' title='bbox 1193 1990 1315 2048; x_wconf 85' lang='lat' dir='ltr'><strong>scribens</strong></span> <span class='ocrx_word' id='word_1_261' title='bbox 1329 1992 1357 2047; x_wconf 88' lang='lat' dir='ltr'><strong>in</strong></span> <span class='ocrx_word' id='word_1_262' title='bbox 1371 1992 1441 2049; x_wconf 87' lang='lat' dir='ltr'><strong>libro</strong></span> <span class='ocrx_word' id='word_1_263' title='bbox 1455 1992 1489 2050; x_wconf 92' lang='lat' dir='ltr'><strong>de</strong></span> <span class='ocrx_word' id='word_1_264' title='bbox 1504 1992 1929 2070; x_wconf 79' lang='lat' dir='ltr'><strong>Simplicitatepraelatorum,rel</strong></span> 
     </span>
     <span class='ocr_line' id='line_1_19' title="bbox 290 2081 1929 2163; baseline 0.007 -23"><span class='ocrx_word' id='word_1_265' title='bbox 290 2084 435 2141; x_wconf 83' lang='lat' dir='ltr'><strong>Ecclesiam</strong></span> <span class='ocrx_word' id='word_1_266' title='bbox 458 2084 627 2157; x_wconf 83' lang='lat' dir='ltr'><strong>baptizatus,</strong></span> <span class='ocrx_word' id='word_1_267' title='bbox 649 2097 703 2138; x_wconf 92' lang='lat' dir='ltr'><strong>uon</strong></span> <span class='ocrx_word' id='word_1_268' title='bbox 728 2091 819 2139; x_wconf 89' lang='lat' dir='ltr'><strong>tnmeu</strong></span> <span class='ocrx_word' id='word_1_269' title='bbox 843 2082 914 2139; x_wconf 83' lang='lat' dir='ltr'><strong>intra</strong></span> <span class='ocrx_word' id='word_1_270' title='bbox 937 2081 1084 2140; x_wconf 81' lang='lat' dir='ltr'><strong>Ecclesiam</strong></span> <span class='ocrx_word' id='word_1_271' title='bbox 1135 2081 1226 2153; x_wconf 90' lang='lat' dir='ltr'><strong>potius</strong></span> <span class='ocrx_word' id='word_1_272' title='bbox 1240 2084 1388 2141; x_wconf 87' lang='lat' dir='ltr'><strong>secundum</strong></span> <span class='ocrx_word' id='word_1_273' title='bbox 1401 2093 1508 2144; x_wconf 77' lang='lat' dir='ltr'><strong>vetusta</strong></span> <span class='ocrx_word' id='word_1_274' title='bbox 1522 2088 1688 2161; x_wconf 81' lang='lat' dir='ltr'><strong>exemplaria</strong></span> <span class='ocrx_word' id='word_1_275' title='bbox 1712 2088 1747 2147; x_wconf 88' lang='lat' dir='ltr'><strong>de</strong></span> <span class='ocrx_word' id='word_1_276' title='bbox 1763 2091 1873 2151; x_wconf 87' lang='lat' dir='ltr'><strong>Unitatc</strong></span> <span class='ocrx_word' id='word_1_277' title='bbox 1885 2113 1929 2163; x_wconf 80' lang='lat' dir='ltr'><strong>ca·</strong></span> 
     </span>
     <span class='ocr_line' id='line_1_20' title="bbox 290 2171 1928 2259; baseline 0.006 -27"><span class='ocrx_word' id='word_1_278' title='bbox 290 2177 453 2233; x_wconf 84' lang='lat' dir='ltr'><strong>catholicam</strong></span> <span class='ocrx_word' id='word_1_279' title='bbox 463 2177 615 2234; x_wconf 85' lang='lat' dir='ltr'><strong>terminarit</strong></span> <span class='ocrx_word' id='word_1_280' title='bbox 628 2176 699 2233; x_wconf 81' lang='lat' dir='ltr'><strong>haue</strong></span> <span class='ocrx_word' id='word_1_281' title='bbox 714 2174 811 2243; x_wconf 64' lang='lat' dir='ltr'><strong>rituum</strong></span> <span class='ocrx_word' id='word_1_282' title='bbox 827 2191 878 2233; x_wconf 92' lang='lat' dir='ltr'><strong>nee</strong></span> <span class='ocrx_word' id='word_1_283' title='bbox 891 2176 965 2233; x_wconf 81' lang='lat' dir='ltr'><strong>uiuet</strong></span> <span class='ocrx_word' id='word_1_284' title='bbox 979 2191 1027 2249; x_wconf 92' lang='lat' dir='ltr'><strong>per</strong></span> <span class='ocrx_word' id='word_1_285' title='bbox 1037 2193 1083 2236; x_wconf 89' lang='lat' dir='ltr'><strong>ec·</strong></span> <span class='ocrx_word' id='word_1_286' title='bbox 1134 2171 1384 2252; x_wconf 78' lang='lat' dir='ltr'><strong>thelicultectesie,</strong></span> <span class='ocrx_word' id='word_1_287' title='bbox 1394 2177 1678 2248; x_wconf 77' lang='lat' dir='ltr'><strong>erpouitzddulterori</strong></span> <span class='ocrx_word' id='word_1_288' title='bbox 1686 2192 1928 2259; x_wconf 79' lang='lat' dir='ltr'><strong>nonpotestspcsss</strong></span> 
     </span>
     <span class='ocr_line' id='line_1_21' title="bbox 289 2258 1928 2341; baseline 0.006 -15"><span class='ocrx_word' id='word_1_289' title='bbox 289 2270 609 2341; x_wconf 82' lang='lat' dir='ltr'><strong>ctesiastieibsptismatis</strong></span> <span class='ocrx_word' id='word_1_290' title='bbox 620 2277 830 2336; x_wconf 85' lang='lat' dir='ltr'><strong>sacramentum,</strong></span> <span class='ocrx_word' id='word_1_291' title='bbox 845 2269 952 2341; x_wconf 89' lang='lat' dir='ltr'><strong>quinon</strong></span> <span class='ocrx_word' id='word_1_292' title='bbox 967 2271 1084 2328; x_wconf 89' lang='lat' dir='ltr'><strong>tenuerit</strong></span> <span class='ocrx_word' id='word_1_293' title='bbox 1135 2258 1254 2317; x_wconf 79' lang='lat' dir='ltr'><strong>citrini:</strong></span> <span class='ocrx_word' id='word_1_294' title='bbox 1276 2263 1426 2335; x_wconf 63' lang='lat' dir='ltr'><strong>ilcmtrla</strong></span> <span class='ocrx_word' id='word_1_295' title='bbox 1442 2275 1481 2322; x_wconf 71' lang='lat'><strong>0⁸⁸</strong></span> <span class='ocrx_word' id='word_1_296' title='bbox 1506 2276 1520 2307; x_wconf 77' lang='lat'>⁸</span> <span class='ocrx_word' id='word_1_297' title='bbox 1542 2279 1568 2324; x_wconf 88' lang='lat' dir='ltr'><strong>ct</strong></span> <span class='ocrx_word' id='word_1_298' title='bbox 1588 2272 1702 2341; x_wconf 82' lang='lat' dir='ltr'><strong>pudiea;</strong></span> <span class='ocrx_word' id='word_1_299' title='bbox 1725 2291 1806 2331; x_wconf 78' lang='lat' dir='ltr'><strong>snam</strong></span> <span class='ocrx_word' id='word_1_300' title='bbox 1825 2279 1928 2336; x_wconf 76' lang='lat' dir='ltr'><strong>rtem</strong></span> 
     </span>
     <span class='ocr_line' id='line_1_22' title="bbox 290 2352 1929 2441; baseline 0.004 -22"><span class='ocrx_word' id='word_1_301' title='bbox 290 2363 479 2420; x_wconf 73' lang='lat' dir='ltr'><strong>ecclesiastieae</strong></span> <span class='ocrx_word' id='word_1_302' title='bbox 489 2364 570 2436; x_wconf 78' lang='lat'><strong>375</strong></span> <span class='ocrx_word' id='word_1_303' title='bbox 584 2361 647 2420; x_wconf 80' lang='lat' dir='ltr'><strong>fidei</strong></span> <span class='ocrx_word' id='word_1_304' title='bbox 662 2362 834 2433; x_wconf 86' lang='lat' dir='ltr'><strong>caritatisque</strong></span> <span class='ocrx_word' id='word_1_305' title='bbox 845 2363 1021 2420; x_wconf 87' lang='lat' dir='ltr'><strong>consortium.</strong></span> <span class='ocrx_word' id='word_1_306' title='bbox 1036 2363 1084 2421; x_wconf 91' lang='lat' dir='ltr'><strong>ille</strong></span> <span class='ocrx_word' id='word_1_307' title='bbox 1133 2352 1214 2416; x_wconf 67' lang='lat' dir='ltr'><strong>&#39;wll&#39;lr</strong></span> <span class='ocrx_word' id='word_1_308' title='bbox 1229 2352 1401 2425; x_wconf 70' lang='lat' dir='ltr'><strong>376¹⁴²⁸l¹l⁸</strong></span> <span class='ocrx_word' id='word_1_309' title='bbox 1420 2354 1531 2414; x_wconf 61' lang='lat' dir='ltr'><strong>‘dilicuit&#39;</strong></span> <span class='ocrx_word' id='word_1_310' title='bbox 1554 2363 1719 2421; x_wconf 79' lang='lat' dir='ltr'><strong>sanctitatem</strong></span> <span class='ocrx_word' id='word_1_311' title='bbox 1741 2375 1813 2422; x_wconf 71' lang='lat' dir='ltr'><strong>creto</strong></span> <span class='ocrx_word' id='word_1_312' title='bbox 1832 2372 1929 2441; x_wconf 76' lang='lat' dir='ltr'><strong>pedore</strong></span> 
     </span>
     <span class='ocr_line' id='line_1_23' title="bbox 289 2440 1929 2535; baseline 0.007 -24"><span class='ocrx_word' id='word_1_313' title='bbox 289 2455 492 2513; x_wconf 83' lang='lat' dir='ltr'><strong>enimseluatur</strong></span> <span class='ocrx_word' id='word_1_314' title='bbox 510 2464 679 2513; x_wconf 85' lang='lat' dir='ltr'><strong>sacramento</strong></span> <span class='ocrx_word' id='word_1_315' title='bbox 699 2442 883 2527; x_wconf 74' lang='lat' dir='ltr'><strong>baptismatis,</strong></span> <span class='ocrx_word' id='word_1_316' title='bbox 908 2470 989 2527; x_wconf 86' lang='lat' dir='ltr'><strong>quern</strong></span> <span class='ocrx_word' id='word_1_317' title='bbox 1012 2457 1082 2514; x_wconf 90' lang='lat' dir='ltr'><strong>intra</strong></span> <span class='ocrx_word' id='word_1_318' title='bbox 1133 2441 1253 2496; x_wconf 57' lang='lat' dir='ltr'><strong>mill·</strong></span> <span class='ocrx_word' id='word_1_319' title='bbox 1271 2440 1337 2500; x_wconf 57' lang='grc' dir='ltr'><strong>ΗΜ</strong></span> <span class='ocrx_word' id='word_1_320' title='bbox 1353 2462 1401 2506; x_wconf 67' lang='lat'><strong>¹⁸0⁸</strong></span> <span class='ocrx_word' id='word_1_321' title='bbox 1425 2443 1481 2503; x_wconf 71' lang='lat'><strong>⁰²⁰</strong></span> <span class='ocrx_word' id='word_1_322' title='bbox 1501 2459 1602 2518; x_wconf 63' lang='lat' dir='ltr'><strong>“rvris</strong></span> <span class='ocrx_word' id='word_1_323' title='bbox 1617 2452 1757 2525; x_wconf 67' lang='lat' dir='ltr'><strong>lloerfillrr</strong></span> <span class='ocrx_word' id='word_1_324' title='bbox 1771 2475 1853 2532; x_wconf 71' lang='lat' dir='ltr'><strong>repro</strong></span> <span class='ocrx_word' id='word_1_325' title='bbox 1866 2478 1929 2535; x_wconf 72' lang='lat' dir='ltr'><strong>uror</strong></span> 
     </span>
     <span class='ocr_line' id='line_1_24' title="bbox 289 2533 1928 2624; baseline 0.011 -21"><span class='ocrx_word' id='word_1_326' title='bbox 289 2545 435 2604; x_wconf 81' lang='lat' dir='ltr'><strong>Ecclesiam</strong></span> <span class='ocrx_word' id='word_1_327' title='bbox 446 2547 606 2605; x_wconf 83' lang='lat' dir='ltr'><strong>catholicam</strong></span> <span class='ocrx_word' id='word_1_328' title='bbox 615 2547 741 2619; x_wconf 88' lang='lat' dir='ltr'><strong>usquead</strong></span> <span class='ocrx_word' id='word_1_329' title='bbox 751 2546 854 2605; x_wconf 77' lang='lat' dir='ltr'><strong>unitum</strong></span> <span class='ocrx_word' id='word_1_330' title='bbox 867 2548 1008 2619; x_wconf 80' lang='lat' dir='ltr'><strong>presentis</strong></span> <span class='ocrx_word' id='word_1_331' title='bbox 1021 2550 1082 2607; x_wconf 79' lang='lat' dir='ltr'><strong>vitm</strong></span> <span class='ocrx_word' id='word_1_332' title='bbox 1133 2533 1263 2605; x_wconf 63' lang='lat' dir='ltr'><strong>illeilll‘l</strong></span> <span class='ocrx_word' id='word_1_333' title='bbox 1286 2536 1413 2608; x_wconf 57' lang='lat' dir='ltr'><strong>millai·</strong></span> <span class='ocrx_word' id='word_1_334' title='bbox 1435 2536 1557 2610; x_wconf 78' lang='lat' dir='ltr'><strong>Quisquis</strong></span> <span class='ocrx_word' id='word_1_335' title='bbox 1576 2542 1608 2598; x_wconf 67' lang='lat' dir='ltr'><strong>“l</strong></span> <span class='ocrx_word' id='word_1_336' title='bbox 1625 2542 1747 2601; x_wconf 53' lang='lat' dir='ltr'><strong>Exim</strong></span> <span class='ocrx_word' id='word_1_337' title='bbox 1768 2561 1928 2624; x_wconf 58' lang='lat' dir='ltr'><strong>“rievallis</strong></span> 
     </span>
    </p>
   </div>
   <div class='ocr_carea' id='block_1_5' title="bbox 175 2624 1927 2713">
    <p class='ocr_par' dir='ltr' id='par_1_6' title="bbox 175 2624 1927 2713">
     <span class='ocr_line' id='line_1_25' title="bbox 175 2624 1927 2713; baseline 0.012 -36"><span class='ocrx_word' id='word_1_338' title='bbox 175 2640 179 2649; x_wconf 93' lang='lat'>·</span> <span class='ocrx_word' id='word_1_339' title='bbox 289 2639 405 2707; x_wconf 53' lang='lat' dir='ltr'><strong>genuerit</strong></span> <span class='ocrx_word' id='word_1_340' title='bbox 419 2639 649 2697; x_wconf 51' lang='lat' dir='ltr'><strong>ammomum,</strong></span> <span class='ocrx_word' id='word_1_341' title='bbox 1132 2624 1259 2682; x_wconf 80' lang='lat' dir='ltr'><strong>adultere·</strong></span> <span class='ocrx_word' id='word_1_342' title='bbox 1278 2624 1408 2701; x_wconf 74' lang='lat' dir='ltr'><strong>jungitur,</strong></span> <span class='ocrx_word' id='word_1_343' title='bbox 1429 2631 1602 2703; x_wconf 74' lang='lat' dir='ltr'><strong>repromissis</strong></span> <span class='ocrx_word' id='word_1_344' title='bbox 1624 2631 1750 2693; x_wconf 83' lang='lat' dir='ltr'><strong>Ecclesioe</strong></span> <span class='ocrx_word' id='word_1_345' title='bbox 1771 2652 1927 2713; x_wconf 72' lang='lat' dir='ltr'><strong>ceparum:</strong></span> 
     </span>
    </p>
   </div>
   <div class='ocr_carea' id='block_1_6' title="bbox 269 2720 2025 3635">
    <p class='ocr_par' dir='ltr' id='par_1_7' title="bbox 1132 2720 1927 2804">
     <span class='ocr_line' id='line_1_26' title="bbox 1132 2720 1927 2804; baseline 0.024 -33"><span class='ocrx_word' id='word_1_346' title='bbox 1132 2732 1180 2772; x_wconf 86' lang='lat' dir='ltr'><strong>nee</strong></span> <span class='ocrx_word' id='word_1_347' title='bbox 1193 2720 1322 2790; x_wconf 78' lang='lat' dir='ltr'><strong>perveniet</strong></span> <span class='ocrx_word' id='word_1_348' title='bbox 1332 2721 1367 2775; x_wconf 85' lang='lat' dir='ltr'><strong>nd</strong></span> <span class='ocrx_word' id='word_1_349' title='bbox 1380 2720 1477 2778; x_wconf 77' lang='lat' dir='ltr'><strong>Christi</strong></span> <span class='ocrx_word' id='word_1_350' title='bbox 1486 2727 1607 2797; x_wconf 79' lang='lat' dir='ltr'><strong>prumia,</strong></span> <span class='ocrx_word' id='word_1_351' title='bbox 1619 2729 1663 2800; x_wconf 72' lang='grc' dir='ltr'><strong>φα·</strong></span> <span class='ocrx_word' id='word_1_352' title='bbox 1675 2729 1795 2804; x_wconf 74' lang='lat' dir='ltr'><strong>relinquit</strong></span> <span class='ocrx_word' id='word_1_353' title='bbox 1805 2732 1853 2804; x_wconf 81' lang='lat' dir='ltr'><strong>(al.</strong></span> <span class='ocrx_word' id='word_1_354' title='bbox 1865 2735 1927 2790; x_wconf 84' lang='lat' dir='ltr'><strong>reli·</strong></span> 
     </span>
    </p>

    <p class='ocr_par' dir='ltr' id='par_1_8' title="bbox 591 2790 1930 2894">
     <span class='ocr_line' id='line_1_27' title="bbox 591 2790 1930 2894; baseline 0.025 -46"><span class='ocrx_word' id='word_1_355' title='bbox 591 2790 706 2850; x_wconf 76' lang='lat' dir='ltr'>CAPUT</span> <span class='ocrx_word' id='word_1_356' title='bbox 725 2791 784 2850; x_wconf 80' lang='lat' dir='ltr'><strong>xx.</strong></span> <span class='ocrx_word' id='word_1_357' title='bbox 1131 2804 1201 2880; x_wconf 75' lang='lat' dir='ltr'><strong>pult)</strong></span> <span class='ocrx_word' id='word_1_358' title='bbox 1213 2806 1360 2866; x_wconf 84' lang='lat' dir='ltr'><strong>Ecclesium</strong></span> <span class='ocrx_word' id='word_1_359' title='bbox 1368 2811 1463 2873; x_wconf 82' lang='lat' dir='ltr'><strong>Cirristi</strong></span> <span class='ocrx_word' id='word_1_360' title='bbox 1476 2831 1485 2868; x_wconf 78' lang='lat' dir='ltr'>z</span> <span class='ocrx_word' id='word_1_361' title='bbox 1501 2816 1602 2872; x_wconf 80' lang='lat' dir='ltr'><strong>alienus</strong></span> <span class='ocrx_word' id='word_1_362' title='bbox 1615 2827 1663 2886; x_wconf 77' lang='lat' dir='ltr'><strong>eet,</strong></span> <span class='ocrx_word' id='word_1_363' title='bbox 1678 2824 1804 2894; x_wconf 68' lang='lat' dir='ltr'><strong>protereus</strong></span> <span class='ocrx_word' id='word_1_364' title='bbox 1816 2834 1868 2894; x_wconf 83' lang='lat' dir='ltr'><strong>est,</strong></span> <span class='ocrx_word' id='word_1_365' title='bbox 1880 2825 1930 2881; x_wconf 81' lang='lat' dir='ltr'><strong>leo·</strong></span> 
     </span>
    </p>

    <p class='ocr_par' dir='ltr' id='par_1_9' title="bbox 289 2899 1929 3080">
     <span class='ocr_line' id='line_1_28' title="bbox 323 2899 1929 2985; baseline 0.016 -22"><span class='ocrx_word' id='word_1_366' title='bbox 323 2906 457 2964; x_wconf 71' lang='lat' dir='ltr'><strong>Caeterum</strong></span> <span class='ocrx_word' id='word_1_367' title='bbox 470 2905 564 2977; x_wconf 89' lang='lat' dir='ltr'><strong>siquis</strong></span> <span class='ocrx_word' id='word_1_368' title='bbox 578 2913 625 2961; x_wconf 88' lang='lat' dir='ltr'><strong>aut</strong></span> <span class='ocrx_word' id='word_1_369' title='bbox 633 2903 667 2961; x_wconf 89' lang='lat' dir='ltr'><strong>de</strong></span> <span class='ocrx_word' id='word_1_370' title='bbox 681 2902 799 2962; x_wconf 83' lang='lat' dir='ltr'><strong>Ecclesia</strong></span> <span class='ocrx_word' id='word_1_371' title='bbox 809 2905 961 2978; x_wconf 83' lang='lat' dir='ltr'><strong>baptizatus</strong></span> <span class='ocrx_word' id='word_1_372' title='bbox 974 2906 1082 2976; x_wconf 90' lang='lat' dir='ltr'><strong>egredi·</strong></span> <span class='ocrx_word' id='word_1_373' title='bbox 1131 2899 1178 2954; x_wconf 61' lang='grc' dir='ltr'><strong>δι”*</strong></span> <span class='ocrx_word' id='word_1_374' title='bbox 1189 2909 1237 2955; x_wconf 68' lang='lat'><strong>⁶⁸1·</strong></span> <span class='ocrx_word' id='word_1_375' title='bbox 1250 2899 1354 2959; x_wconf 64' lang='lat' dir='ltr'><strong>Halm</strong></span> <span class='ocrx_word' id='word_1_376' title='bbox 1363 2920 1416 2959; x_wconf 64' lang='grc' dir='ltr'><em>Μ</em></span> <span class='ocrx_word' id='word_1_377' title='bbox 1426 2912 1509 2977; x_wconf 62' lang='lat' dir='ltr'><strong>pmii</strong></span> <span class='ocrx_word' id='word_1_378' title='bbox 1519 2904 1720 2981; x_wconf 66' lang='lat' dir='ltr'><strong>Drimlssllrmr</strong></span> <span class='ocrx_word' id='word_1_379' title='bbox 1730 2915 1774 2985; x_wconf 64' lang='grc' dir='ltr'><strong>(Μ</strong></span> <span class='ocrx_word' id='word_1_380' title='bbox 1784 2911 1929 2971; x_wconf 53' lang='lat' dir='ltr'><strong>&amp;iim</strong></span> 
     </span>
     <span class='ocr_line' id='line_1_29' title="bbox 289 2989 1929 3080; baseline 0.016 -25"><span class='ocrx_word' id='word_1_381' title='bbox 289 3005 341 3068; x_wconf 87' lang='lat' dir='ltr'><strong>tur,</strong></span> <span class='ocrx_word' id='word_1_382' title='bbox 356 3006 402 3055; x_wconf 91' lang='lat' dir='ltr'><strong>aut</strong></span> <span class='ocrx_word' id='word_1_383' title='bbox 414 3008 492 3056; x_wconf 88' lang='lat' dir='ltr'><strong>extra</strong></span> <span class='ocrx_word' id='word_1_384' title='bbox 503 2996 650 3055; x_wconf 88' lang='lat' dir='ltr'><strong>Ecclesiam</strong></span> <span class='ocrx_word' id='word_1_385' title='bbox 665 2997 693 3054; x_wconf 88' lang='lat' dir='ltr'><strong>iu</strong></span> <span class='ocrx_word' id='word_1_386' title='bbox 708 2996 806 3065; x_wconf 87' lang='lat' dir='ltr'><strong>Patris,</strong></span> <span class='ocrx_word' id='word_1_387' title='bbox 818 3007 846 3054; x_wconf 86' lang='lat' dir='ltr'><strong>et</strong></span> <span class='ocrx_word' id='word_1_388' title='bbox 859 2998 936 3068; x_wconf 83' lang='lat' dir='ltr'><strong>Eilii,</strong></span> <span class='ocrx_word' id='word_1_389' title='bbox 951 3007 979 3056; x_wconf 91' lang='lat' dir='ltr'><strong>et</strong></span> <span class='ocrx_word' id='word_1_390' title='bbox 992 2997 1082 3071; x_wconf 55' lang='lat' dir='ltr'><strong>spiriu</strong></span> <span class='ocrx_word' id='word_1_391' title='bbox 1132 3006 1185 3046; x_wconf 69' lang='lat' dir='ltr'><strong>nrt</strong></span> <span class='ocrx_word' id='word_1_392' title='bbox 1195 2989 1271 3047; x_wconf 64' lang='lat' dir='ltr'><strong>imbri</strong></span> <span class='ocrx_word' id='word_1_393' title='bbox 1293 3003 1413 3051; x_wconf 83' lang='lat' dir='ltr'><strong>munem.</strong></span> <span class='ocrx_word' id='word_1_394' title='bbox 1429 2995 1505 3052; x_wconf 60' lang='lat' dir='ltr'><strong>Sim</strong></span> <span class='ocrx_word' id='word_1_395' title='bbox 1517 3015 1570 3054; x_wconf 60' lang='lat'>’¹⁰1⁸</span> <span class='ocrx_word' id='word_1_396' title='bbox 1590 3003 1675 3071; x_wconf 82' lang='lat' dir='ltr'><strong>potnit</strong></span> <span class='ocrx_word' id='word_1_397' title='bbox 1691 3005 1801 3061; x_wconf 59' lang='lat' dir='ltr'><strong>‘illim</strong></span> <span class='ocrx_word' id='word_1_398' title='bbox 1812 3008 1929 3080; x_wconf 54' lang='lat' dir='ltr'><strong>‘timim</strong></span> 
     </span>
    </p>

    <p class='ocr_par' dir='ltr' id='par_1_10' title="bbox 269 3073 2025 3635">
     <span class='ocr_line' id='line_1_30' title="bbox 269 3073 1928 3172; baseline 0.006 -26"><span class='ocrx_word' id='word_1_399' title='bbox 269 3096 271 3100; x_wconf 73' lang='lat'>‘</span> <span class='ocrx_word' id='word_1_400' title='bbox 288 3099 332 3147; x_wconf 85' lang='lat' dir='ltr'><strong>tus</strong></span> <span class='ocrx_word' id='word_1_401' title='bbox 345 3073 430 3147; x_wconf 82' lang='lat' dir='ltr'><strong>saneti</strong></span> <span class='ocrx_word' id='word_1_402' title='bbox 442 3090 552 3147; x_wconf 89' lang='lat' dir='ltr'><strong>nomine</strong></span> <span class='ocrx_word' id='word_1_403' title='bbox 574 3089 738 3160; x_wconf 85' lang='lat' dir='ltr'><strong>baptizatus,</strong></span> <span class='ocrx_word' id='word_1_404' title='bbox 756 3089 779 3146; x_wconf 92' lang='lat' dir='ltr'><strong>si</strong></span> <span class='ocrx_word' id='word_1_405' title='bbox 792 3098 856 3145; x_wconf 89' lang='lat' dir='ltr'><strong>ante</strong></span> <span class='ocrx_word' id='word_1_406' title='bbox 869 3087 950 3146; x_wconf 85' lang='lat' dir='ltr'><strong>linem</strong></span> <span class='ocrx_word' id='word_1_407' title='bbox 962 3105 1083 3161; x_wconf 79' lang='lat' dir='ltr'><strong>praeseu-</strong></span> <span class='ocrx_word' id='word_1_408' title='bbox 1131 3093 1207 3139; x_wconf 81' lang='lat' dir='ltr'><strong>ectrn</strong></span> <span class='ocrx_word' id='word_1_409' title='bbox 1217 3103 1307 3141; x_wconf 81' lang='lat' dir='ltr'><strong>arram</strong></span> <span class='ocrx_word' id='word_1_410' title='bbox 1319 3086 1379 3146; x_wconf 86' lang='lat' dir='ltr'><strong>Noe</strong></span> <span class='ocrx_word' id='word_1_411' title='bbox 1393 3090 1453 3162; x_wconf 68' lang='lat' dir='ltr'><strong>inii,</strong></span> <span class='ocrx_word' id='word_1_412' title='bbox 1466 3092 1543 3147; x_wconf 84' lang='lat' dir='ltr'><strong>sie&#39;et</strong></span> <span class='ocrx_word' id='word_1_413' title='bbox 1555 3094 1599 3165; x_wconf 85' lang='lat' dir='ltr'><strong>qni</strong></span> <span class='ocrx_word' id='word_1_414' title='bbox 1614 3106 1689 3152; x_wconf 77' lang='lat' dir='ltr'><strong>estro</strong></span> <span class='ocrx_word' id='word_1_415' title='bbox 1702 3094 1852 3155; x_wconf 79' lang='lat' dir='ltr'><strong>Ecclesiam</strong></span> <span class='ocrx_word' id='word_1_416' title='bbox 1863 3102 1928 3172; x_wconf 74' lang='lat' dir='ltr'><strong>soris</strong></span> 
     </span>
     <span class='ocr_line' id='line_1_31' title="bbox 288 3177 2025 3273; baseline 0.017 -34"><span class='ocrx_word' id='word_1_417' title='bbox 288 3182 324 3239; x_wconf 89' lang='lat' dir='ltr'><strong>tls</strong></span> <span class='ocrx_word' id='word_1_418' title='bbox 333 3183 459 3256; x_wconf 71' lang='lat' dir='ltr'><strong>nituuon</strong></span> <span class='ocrx_word' id='word_1_419' title='bbox 474 3182 553 3239; x_wconf 90' lang='lat' dir='ltr'><strong>luerit</strong></span> <span class='ocrx_word' id='word_1_420' title='bbox 564 3182 705 3239; x_wconf 75' lang='lat' dir='ltr'><strong>catholicas</strong></span> <span class='ocrx_word' id='word_1_421' title='bbox 717 3182 859 3240; x_wconf 87' lang='lat' dir='ltr'><strong>restitutus</strong></span> <span class='ocrx_word' id='word_1_422' title='bbox 872 3180 1009 3252; x_wconf 45' lang='lat' dir='ltr'><strong>Ecclesiae</strong></span> <span class='ocrx_word' id='word_1_423' title='bbox 1026 3199 1081 3241; x_wconf 91' lang='lat' dir='ltr'><strong>uon</strong></span> <span class='ocrx_word' id='word_1_424' title='bbox 1133 3177 1220 3248; x_wconf 69' lang='lat' dir='ltr'><strong>inerit,</strong></span> <span class='ocrx_word' id='word_1_425' title='bbox 1233 3193 1285 3232; x_wconf 61' lang='lat'>’¹⁰²³</span> <span class='ocrx_word' id='word_1_426' title='bbox 1295 3177 1511 3237; x_wconf 72' lang='lat' dir='ltr'><strong>nannenten</strong></span> <span class='ocrx_word' id='word_1_427' title='bbox 1521 3191 1563 3239; x_wconf 70' lang='lat'><strong>0⁸²</strong></span> <span class='ocrx_word' id='word_1_428' title='bbox 1576 3183 1659 3255; x_wconf 69' lang='lat' dir='ltr'><strong>lilim·</strong></span> <span class='ocrx_word' id='word_1_429' title='bbox 1670 3196 1727 3243; x_wconf 61' lang='grc' dir='ltr'>Μ</span> <span class='ocrx_word' id='word_1_430' title='bbox 1738 3190 1931 3261; x_wconf 59' lang='lat' dir='ltr'><strong>llffldlfflllffl‘e</strong></span> <span class='ocrx_word' id='word_1_431' title='bbox 2024 3258 2025 3273; x_wconf 70' lang='lat'><strong>,</strong></span> 
     </span>
     <span class='ocr_line' id='line_1_32' title="bbox 287 3267 1931 3362; baseline 0.006 -33"><span class='ocrx_word' id='word_1_432' title='bbox 287 3272 392 3331; x_wconf 78' lang='lat' dir='ltr'><strong>carelii</strong></span> <span class='ocrx_word' id='word_1_433' title='bbox 401 3281 500 3341; x_wconf 88' lang='lat' dir='ltr'><strong>morte,</strong></span> <span class='ocrx_word' id='word_1_434' title='bbox 514 3272 563 3330; x_wconf 91' lang='lat' dir='ltr'><strong>sed</strong></span> <span class='ocrx_word' id='word_1_435' title='bbox 574 3272 686 3343; x_wconf 84' lang='lat' dir='ltr'><strong>requie:</strong></span> <span class='ocrx_word' id='word_1_436' title='bbox 702 3272 766 3343; x_wconf 85' lang='lat' dir='ltr'><strong>quia</strong></span> <span class='ocrx_word' id='word_1_437' title='bbox 778 3279 807 3329; x_wconf 88' lang='lat' dir='ltr'><strong>et</strong></span> <span class='ocrx_word' id='word_1_438' title='bbox 821 3280 943 3362; x_wconf 78' lang='lat' dir='ltr'><strong>tempore</strong></span> <span class='ocrx_word' id='word_1_439' title='bbox 956 3272 1049 3330; x_wconf 84' lang='lat' dir='ltr'><strong>diluvii</strong></span> <span class='ocrx_word' id='word_1_440' title='bbox 1057 3273 1082 3330; x_wconf 90' lang='lat' dir='ltr'><strong>si</strong></span> <span class='ocrx_word' id='word_1_441' title='bbox 1096 3291 1119 3358; x_wconf 69' lang='lat'><strong>(3</strong></span> <span class='ocrx_word' id='word_1_442' title='bbox 1133 3267 1206 3324; x_wconf 84' lang='lat' dir='ltr'><strong>beati</strong></span> <span class='ocrx_word' id='word_1_443' title='bbox 1219 3271 1336 3341; x_wconf 88' lang='lat' dir='ltr'><strong>apostoli</strong></span> <span class='ocrx_word' id='word_1_444' title='bbox 1353 3269 1426 3328; x_wconf 87' lang='lat' dir='ltr'><strong>Petri</strong></span> <span class='ocrx_word' id='word_1_445' title='bbox 1440 3287 1520 3344; x_wconf 80' lang='lat' dir='ltr'><strong>quem</strong></span> <span class='ocrx_word' id='word_1_446' title='bbox 1534 3278 1705 3348; x_wconf 81' lang='lat' dir='ltr'><strong>expositione</strong></span> <span class='ocrx_word' id='word_1_447' title='bbox 1726 3281 1815 3338; x_wconf 87' lang='lat' dir='ltr'><strong>sancti</strong></span> <span class='ocrx_word' id='word_1_448' title='bbox 1828 3292 1931 3356; x_wconf 78' lang='lat' dir='ltr'><strong>marep-</strong></span> 
     </span>
     <span class='ocr_line' id='line_1_33' title="bbox 287 3361 1931 3447; baseline 0.016 -26"><span class='ocrx_word' id='word_1_449' title='bbox 287 3365 349 3437; x_wconf 84' lang='lat' dir='ltr'><strong>quis</strong></span> <span class='ocrx_word' id='word_1_450' title='bbox 358 3365 386 3421; x_wconf 92' lang='lat' dir='ltr'><strong>iu</strong></span> <span class='ocrx_word' id='word_1_451' title='bbox 396 3380 486 3422; x_wconf 83' lang='lat' dir='ltr'><strong>arcam</strong></span> <span class='ocrx_word' id='word_1_452' title='bbox 498 3363 556 3421; x_wconf 90' lang='lat' dir='ltr'><strong>Noc</strong></span> <span class='ocrx_word' id='word_1_453' title='bbox 569 3362 675 3438; x_wconf 73' lang='lat' dir='ltr'><strong>(Gerus.</strong></span> <span class='ocrx_word' id='word_1_454' title='bbox 690 3380 737 3432; x_wconf 84' lang='lat' dir='ltr'><strong>vn,</strong></span> <span class='ocrx_word' id='word_1_455' title='bbox 752 3363 803 3434; x_wconf 78' lang='lat' dir='ltr'><strong>et)</strong></span> <span class='ocrx_word' id='word_1_456' title='bbox 816 3379 869 3419; x_wconf 90' lang='lat' dir='ltr'><strong>uon</strong></span> <span class='ocrx_word' id='word_1_457' title='bbox 881 3372 923 3420; x_wconf 85' lang='lat' dir='ltr'><strong>cst</strong></span> <span class='ocrx_word' id='word_1_458' title='bbox 935 3364 1080 3434; x_wconf 84' lang='lat' dir='ltr'><strong>ingressus,</strong></span> <span class='ocrx_word' id='word_1_459' title='bbox 1134 3361 1175 3425; x_wconf 79' lang='lat' dir='ltr'><strong>ris</strong></span> <span class='ocrx_word' id='word_1_460' title='bbox 1185 3362 1321 3435; x_wconf 69' lang='lat' dir='ltr'><strong>cipriani,</strong></span> <span class='ocrx_word' id='word_1_461' title='bbox 1333 3365 1360 3421; x_wconf 76' lang='lat' dir='ltr'><strong>ln</strong></span> <span class='ocrx_word' id='word_1_462' title='bbox 1370 3381 1434 3424; x_wconf 58' lang='grc' dir='ltr'><strong>πω</strong></span> <span class='ocrx_word' id='word_1_463' title='bbox 1441 3368 1499 3426; x_wconf 70' lang='lat' dir='ltr'><strong>Nor</strong></span> <span class='ocrx_word' id='word_1_464' title='bbox 1509 3369 1621 3442; x_wconf 64' lang='lat' dir='ltr'><strong>lituram</strong></span> <span class='ocrx_word' id='word_1_465' title='bbox 1630 3371 1802 3443; x_wconf 64' lang='lat' dir='ltr'><strong>Eoelfflifflrel</strong></span> <span class='ocrx_word' id='word_1_466' title='bbox 1812 3375 1840 3430; x_wconf 63' lang='lat'><strong>5¹¹</strong></span> <span class='ocrx_word' id='word_1_467' title='bbox 1854 3377 1931 3447; x_wconf 67' lang='lat' dir='ltr'><strong>²l⁰l¹</strong></span> 
     </span>
     <span class='ocr_line' id='line_1_34' title="bbox 287 3446 2025 3538; baseline 0.006 -23"><span class='ocrx_word' id='word_1_468' title='bbox 287 3474 343 3515; x_wconf 92' lang='lat' dir='ltr'><strong>uon</strong></span> <span class='ocrx_word' id='word_1_469' title='bbox 366 3465 407 3514; x_wconf 91' lang='lat' dir='ltr'><strong>est</strong></span> <span class='ocrx_word' id='word_1_470' title='bbox 420 3458 539 3514; x_wconf 79' lang='lat' dir='ltr'><strong>saluatus</strong></span> <span class='ocrx_word' id='word_1_471' title='bbox 551 3456 663 3523; x_wconf 88' lang='lat' dir='ltr'><strong>diluuio,</strong></span> <span class='ocrx_word' id='word_1_472' title='bbox 677 3456 725 3514; x_wconf 89' lang='lat' dir='ltr'><strong>sed</strong></span> <span class='ocrx_word' id='word_1_473' title='bbox 747 3467 876 3523; x_wconf 90' lang='lat' dir='ltr'><strong>necatus,</strong></span> <span class='ocrx_word' id='word_1_474' title='bbox 899 3472 951 3513; x_wconf 89' lang='lat' dir='ltr'><strong>nec</strong></span> <span class='ocrx_word' id='word_1_475' title='bbox 967 3455 1081 3514; x_wconf 82' lang='lat' dir='ltr'><strong>salutem</strong></span> <span class='ocrx_word' id='word_1_476' title='bbox 1133 3451 1228 3510; x_wconf 83' lang='lat' dir='ltr'><strong>diluvii</strong></span> <span class='ocrx_word' id='word_1_477' title='bbox 1241 3454 1352 3526; x_wconf 88' lang='lat' dir='ltr'><strong>liguram</strong></span> <span class='ocrx_word' id='word_1_478' title='bbox 1366 3457 1536 3530; x_wconf 82' lang='lat' dir='ltr'><strong>baptismatis</strong></span> <span class='ocrx_word' id='word_1_479' title='bbox 1549 3463 1695 3521; x_wconf 81' lang='lat' dir='ltr'><strong>exstitisse.</strong></span> <span class='ocrx_word' id='word_1_480' title='bbox 1710 3463 1742 3521; x_wconf 93' lang='lat' dir='ltr'><strong>lu</strong></span> <span class='ocrx_word' id='word_1_481' title='bbox 1759 3465 1805 3522; x_wconf 85' lang='lat' dir='ltr'><strong>illa</strong></span> <span class='ocrx_word' id='word_1_482' title='bbox 1819 3483 1930 3538; x_wconf 88' lang='lat' dir='ltr'><strong>quoque</strong></span> <span class='ocrx_word' id='word_1_483' title='bbox 2024 3446 2025 3469; x_wconf 48' lang='lat'>¹</span> 
     </span>
     <span class='ocr_line' id='line_1_35' title="bbox 287 3547 1926 3635; baseline 0.01 -30"><span class='ocrx_word' id='word_1_484' title='bbox 287 3547 388 3605; x_wconf 80' lang='lat' dir='ltr'><strong>muenit</strong></span> <span class='ocrx_word' id='word_1_485' title='bbox 397 3548 425 3606; x_wconf 92' lang='lat' dir='ltr'><strong>in</strong></span> <span class='ocrx_word' id='word_1_486' title='bbox 437 3564 516 3621; x_wconf 87' lang='lat' dir='ltr'><strong>aqua,</strong></span> <span class='ocrx_word' id='word_1_487' title='bbox 528 3547 575 3605; x_wconf 88' lang='lat' dir='ltr'><strong>sed</strong></span> <span class='ocrx_word' id='word_1_488' title='bbox 586 3557 710 3605; x_wconf 87' lang='lat' dir='ltr'><strong>mortem.</strong></span> <span class='ocrx_word' id='word_1_489' title='bbox 724 3547 800 3619; x_wconf 79' lang='lat' dir='ltr'><strong>Aqua</strong></span> <span class='ocrx_word' id='word_1_490' title='bbox 809 3548 909 3620; x_wconf 83' lang='lat' dir='ltr'><strong>quippe</strong></span> <span class='ocrx_word' id='word_1_491' title='bbox 919 3547 975 3616; x_wconf 84' lang='lat' dir='ltr'><strong>illa,</strong></span> <span class='ocrx_word' id='word_1_492' title='bbox 990 3547 1081 3619; x_wconf 83' lang='lat' dir='ltr'><strong>inqua</strong></span> <span class='ocrx_word' id='word_1_493' title='bbox 1133 3548 1214 3607; x_wconf 89' lang='lat' dir='ltr'><strong>domo</strong></span> <span class='ocrx_word' id='word_1_494' title='bbox 1224 3550 1299 3609; x_wconf 78' lang='lat' dir='ltr'><strong>liaad</strong></span> <span class='ocrx_word' id='word_1_495' title='bbox 1314 3556 1474 3635; x_wconf 87' lang='lat' dir='ltr'><strong>meretricis,</strong></span> <span class='ocrx_word' id='word_1_496' title='bbox 1489 3576 1561 3633; x_wconf 78' lang='lat' dir='ltr'><strong>que,</strong></span> <span class='ocrx_word' id='word_1_497' title='bbox 1570 3571 1703 3635; x_wconf 88' lang='lat' dir='ltr'><strong>pereunte</strong></span> <span class='ocrx_word' id='word_1_498' title='bbox 1712 3560 1853 3634; x_wconf 83' lang='lat' dir='ltr'><strong>Hiericho,</strong></span> <span class='ocrx_word' id='word_1_499' title='bbox 1866 3566 1926 3622; x_wconf 80' lang='lat' dir='ltr'><strong>sols</strong></span> 
     </span>
    </p>
   </div>
   <div class='ocr_carea' id='block_1_7' title="bbox 156 3614 2025 3809">
    <p class='ocr_par' dir='ltr' id='par_1_11' title="bbox 156 3614 2025 3809">
     <span class='ocr_line' id='line_1_36' title="bbox 156 3614 2025 3727; baseline 0.008 -31"><span class='ocrx_word' id='word_1_500' title='bbox 156 3614 162 3619; x_wconf 31' lang='grc'><em>”</em></span> <span class='ocrx_word' id='word_1_501' title='bbox 227 3674 230 3680; x_wconf 79' lang='lat'><strong>,</strong></span> <span class='ocrx_word' id='word_1_502' title='bbox 286 3639 506 3712; x_wconf 74' lang='lat' dir='ltr'><strong>praefigurabatur</strong></span> <span class='ocrx_word' id='word_1_503' title='bbox 518 3639 687 3712; x_wconf 81' lang='lat' dir='ltr'><strong>baptismatis</strong></span> <span class='ocrx_word' id='word_1_504' title='bbox 706 3649 919 3727; x_wconf 73' lang='lat' dir='ltr'><strong>sacramentum,</strong></span> <span class='ocrx_word' id='word_1_505' title='bbox 941 3654 1080 3711; x_wconf 83' lang='lat' dir='ltr'><strong>quoscun-</strong></span> <span class='ocrx_word' id='word_1_506' title='bbox 1131 3645 1174 3695; x_wconf 91' lang='lat' dir='ltr'><strong>est</strong></span> <span class='ocrx_word' id='word_1_507' title='bbox 1184 3640 1299 3712; x_wconf 82' lang='lat' dir='ltr'><strong>jnbente</strong></span> <span class='ocrx_word' id='word_1_508' title='bbox 1311 3642 1376 3701; x_wconf 90' lang='lat' dir='ltr'><strong>lesu</strong></span> <span class='ocrx_word' id='word_1_509' title='bbox 1390 3661 1451 3704; x_wconf 88' lang='lat' dir='ltr'><strong>cum</strong></span> <span class='ocrx_word' id='word_1_510' title='bbox 1466 3652 1591 3708; x_wconf 79' lang='lat' dir='ltr'><strong>omuibus</strong></span> <span class='ocrx_word' id='word_1_511' title='bbox 1604 3667 1674 3724; x_wconf 83' lang='lat' dir='ltr'><strong>quos</strong></span> <span class='ocrx_word' id='word_1_512' title='bbox 1693 3654 1764 3710; x_wconf 85' lang='lat' dir='ltr'><strong>intra</strong></span> <span class='ocrx_word' id='word_1_513' title='bbox 1790 3670 1821 3712; x_wconf 91' lang='lat' dir='ltr'><strong>se</strong></span> <span class='ocrx_word' id='word_1_514' title='bbox 1835 3655 1931 3711; x_wconf 78' lang='lat' dir='ltr'><strong>habuit</strong></span> <span class='ocrx_word' id='word_1_515' title='bbox 2024 3622 2025 3645; x_wconf 14' lang='grc' dir='ltr'><em>Χ</em></span> 
     </span>
     <span class='ocr_line' id='line_1_37' title="bbox 243 3730 2025 3809; baseline 0.008 -23"><span class='ocrx_word' id='word_1_516' title='bbox 243 3744 262 3763; x_wconf 92' lang='grc'><em>·</em></span> <span class='ocrx_word' id='word_1_517' title='bbox 286 3744 339 3801; x_wconf 89' lang='lat' dir='ltr'><strong>que</strong></span> <span class='ocrx_word' id='word_1_518' title='bbox 352 3730 453 3788; x_wconf 84' lang='lat' dir='ltr'><strong>inarcn</strong></span> <span class='ocrx_word' id='word_1_519' title='bbox 463 3731 573 3802; x_wconf 89' lang='lat' dir='ltr'><strong>reperit,</strong></span> <span class='ocrx_word' id='word_1_520' title='bbox 589 3734 688 3787; x_wconf 81' lang='lat' dir='ltr'><strong>aterra</strong></span> <span class='ocrx_word' id='word_1_521' title='bbox 701 3746 848 3802; x_wconf 87' lang='lat' dir='ltr'><strong>suspensos</strong></span> <span class='ocrx_word' id='word_1_522' title='bbox 857 3730 891 3786; x_wconf 89' lang='lat' dir='ltr'><strong>ad</strong></span> <span class='ocrx_word' id='word_1_523' title='bbox 905 3730 1025 3787; x_wconf 72' lang='lat' dir='ltr'><strong>celestia</strong></span> <span class='ocrx_word' id='word_1_524' title='bbox 1035 3746 1082 3787; x_wconf 82' lang='lat' dir='ltr'><strong>su·</strong></span> <span class='ocrx_word' id='word_1_525' title='bbox 1131 3731 1274 3791; x_wconf 87' lang='lat' dir='ltr'><strong>incolumis</strong></span> <span class='ocrx_word' id='word_1_526' title='bbox 1295 3745 1450 3809; x_wconf 86' lang='lat' dir='ltr'><strong>reservata,</strong></span> <span class='ocrx_word' id='word_1_527' title='bbox 1465 3738 1494 3796; x_wconf 86' lang='lat' dir='ltr'><strong>in&#39;</strong></span> <span class='ocrx_word' id='word_1_528' title='bbox 1507 3752 1677 3799; x_wconf 88' lang='lat' dir='ltr'><strong>sacramento</strong></span> <span class='ocrx_word' id='word_1_529' title='bbox 1689 3742 1850 3799; x_wconf 70' lang='lat' dir='ltr'><strong>Chretiauae</strong></span> <span class='ocrx_word' id='word_1_530' title='bbox 1864 3760 1931 3800; x_wconf 90' lang='lat' dir='ltr'><strong>eon·</strong></span> <span class='ocrx_word' id='word_1_531' title='bbox 2024 3738 2025 3753; x_wconf 60' lang='lat'>¹</span> 
     </span>
    </p>
   </div>
   <div class='ocr_carea' id='block_1_8' title="bbox 285 3819 1929 4090">
    <p class='ocr_par' dir='ltr' id='par_1_12' title="bbox 285 3819 1929 4090">
     <span class='ocr_line' id='line_1_38' title="bbox 285 3819 1929 3908; baseline 0.007 -26"><span class='ocrx_word' id='word_1_532' title='bbox 285 3820 420 3890; x_wconf 72' lang='lat' dir='ltr'><strong>lllmnuit3</strong></span> <span class='ocrx_word' id='word_1_533' title='bbox 449 3820 572 3879; x_wconf 87' lang='lat' dir='ltr'><strong>residuos</strong></span> <span class='ocrx_word' id='word_1_534' title='bbox 593 3830 687 3877; x_wconf 86' lang='lat' dir='ltr'><strong>sutem</strong></span> <span class='ocrx_word' id='word_1_535' title='bbox 714 3836 860 3892; x_wconf 87' lang='lat' dir='ltr'><strong>oppressos</strong></span> <span class='ocrx_word' id='word_1_536' title='bbox 883 3819 992 3887; x_wconf 83' lang='lat' dir='ltr'><strong>occidit,</strong></span> <span class='ocrx_word' id='word_1_537' title='bbox 1012 3834 1081 3891; x_wconf 84' lang='lat' dir='ltr'><strong>quos</strong></span> <span class='ocrx_word' id='word_1_538' title='bbox 1130 3824 1266 3898; x_wconf 80' lang='lat' dir='ltr'><strong>sessionis,</strong></span> <span class='ocrx_word' id='word_1_539' title='bbox 1281 3838 1412 3900; x_wconf 81' lang='lat' dir='ltr'><strong>quantum</strong></span> <span class='ocrx_word' id='word_1_540' title='bbox 1423 3832 1489 3890; x_wconf 85' lang='lat' dir='ltr'><strong>mllri</strong></span> <span class='ocrx_word' id='word_1_541' title='bbox 1503 3834 1625 3906; x_wconf 87' lang='lat' dir='ltr'><strong>videtur,</strong></span> <span class='ocrx_word' id='word_1_542' title='bbox 1638 3837 1772 3894; x_wconf 83' lang='lat' dir='ltr'><strong>catholiea</strong></span> <span class='ocrx_word' id='word_1_543' title='bbox 1787 3853 1822 3894; x_wconf 81' lang='lat' dir='ltr'><strong>ex</strong></span> <span class='ocrx_word' id='word_1_544' title='bbox 1836 3837 1929 3908; x_wconf 88' lang='lat' dir='ltr'><strong>genti·</strong></span> 
     </span>
     <span class='ocr_line' id='line_1_39' title="bbox 285 3909 1928 4004; baseline 0.01 -37"><span class='ocrx_word' id='word_1_545' title='bbox 285 3909 350 3969; x_wconf 89' lang='lat' dir='ltr'><strong>loris</strong></span> <span class='ocrx_word' id='word_1_546' title='bbox 373 3912 486 3969; x_wconf 84' lang='lat' dir='ltr'><strong>invenit.</strong></span> <span class='ocrx_word' id='word_1_547' title='bbox 502 3909 537 3967; x_wconf 88' lang='lat' dir='ltr'><strong>Et</strong></span> <span class='ocrx_word' id='word_1_548' title='bbox 559 3919 691 3984; x_wconf 87' lang='lat' dir='ltr'><strong>pereunte</strong></span> <span class='ocrx_word' id='word_1_549' title='bbox 703 3910 840 3978; x_wconf 80' lang='lat' dir='ltr'><strong>Hiericho,</strong></span> <span class='ocrx_word' id='word_1_550' title='bbox 857 3911 881 3967; x_wconf 88' lang='grc' dir='ltr'><strong>εἰ</strong></span> <span class='ocrx_word' id='word_1_551' title='bbox 901 3925 970 3981; x_wconf 85' lang='lat' dir='ltr'><strong>quos</strong></span> <span class='ocrx_word' id='word_1_552' title='bbox 981 3910 1080 3970; x_wconf 82' lang='lat' dir='ltr'><strong>domus</strong></span> <span class='ocrx_word' id='word_1_553' title='bbox 1130 3913 1182 3973; x_wconf 88' lang='lat' dir='ltr'><strong>hus</strong></span> <span class='ocrx_word' id='word_1_554' title='bbox 1195 3916 1397 4004; x_wconf 73' lang='lat' dir='ltr'><strong>significabatur</strong></span> <span class='ocrx_word' id='word_1_555' title='bbox 1410 3919 1540 3981; x_wconf 85' lang='lat' dir='ltr'><strong>Ecclesia.</strong></span> <span class='ocrx_word' id='word_1_556' title='bbox 1556 3925 1623 3995; x_wconf 71' lang='lat' dir='ltr'><strong>Quae</strong></span> <span class='ocrx_word' id='word_1_557' title='bbox 1635 3926 1740 3984; x_wconf 87' lang='lat' dir='ltr'><strong>scilicet</strong></span> <span class='ocrx_word' id='word_1_558' title='bbox 1753 3928 1858 3999; x_wconf 76' lang='lat' dir='ltr'><strong>reiecta</strong></span> <span class='ocrx_word' id='word_1_559' title='bbox 1872 3928 1928 4000; x_wconf 90' lang='lat' dir='ltr'><strong>pri·</strong></span> 
     </span>
     <span class='ocr_line' id='line_1_40' title="bbox 286 4001 1926 4090; baseline 0.011 -33"><span class='ocrx_word' id='word_1_560' title='bbox 286 4001 360 4059; x_wconf 79' lang='lat' dir='ltr'><strong>Raab</strong></span> <span class='ocrx_word' id='word_1_561' title='bbox 379 4003 530 4061; x_wconf 87' lang='lat' dir='ltr'><strong>meretricis</strong></span> <span class='ocrx_word' id='word_1_562' title='bbox 557 4003 676 4069; x_wconf 89' lang='lat' dir='ltr'><strong>inclusit,</strong></span> <span class='ocrx_word' id='word_1_563' title='bbox 702 4003 852 4060; x_wconf 85' lang='lat' dir='ltr'><strong>incolumes</strong></span> <span class='ocrx_word' id='word_1_564' title='bbox 876 4002 953 4061; x_wconf 84' lang='lat' dir='ltr'><strong>lesus</strong></span> <span class='ocrx_word' id='word_1_565' title='bbox 970 4019 1079 4064; x_wconf 79' lang='lat' dir='ltr'><strong>seruate</strong></span> <span class='ocrx_word' id='word_1_566' title='bbox 1130 4007 1207 4064; x_wconf 77' lang='lat' dir='ltr'><strong>stince</strong></span> <span class='ocrx_word' id='word_1_567' title='bbox 1220 4007 1407 4070; x_wconf 76' lang='lat' dir='ltr'><strong>fornicationis</strong></span> <span class='ocrx_word' id='word_1_568' title='bbox 1429 4014 1533 4084; x_wconf 91' lang='lat' dir='ltr'><strong>illuvie,</strong></span> <span class='ocrx_word' id='word_1_569' title='bbox 1557 4015 1625 4074; x_wconf 90' lang='lat' dir='ltr'><strong>duos</strong></span> <span class='ocrx_word' id='word_1_570' title='bbox 1650 4019 1839 4090; x_wconf 78' lang='lat' dir='ltr'><strong>exploratores</strong></span> <span class='ocrx_word' id='word_1_571' title='bbox 1861 4017 1926 4075; x_wconf 90' lang='lat' dir='ltr'><strong>lesu</strong></span> 
     </span>
    </p>
   </div>
   <div class='ocr_carea' id='block_1_9' title="bbox 285 4090 2025 4180">
    <p class='ocr_par' dir='ltr' id='par_1_13' title="bbox 285 4090 2025 4180">
     <span class='ocr_line' id='line_1_41' title="bbox 285 4090 2025 4180; baseline 0.009 -29"><span class='ocrx_word' id='word_1_572' title='bbox 285 4097 412 4168; x_wconf 77' lang='lat' dir='ltr'><strong>precepit</strong></span> <span class='ocrx_word' id='word_1_573' title='bbox 427 4095 518 4167; x_wconf 79' lang='lat' dir='ltr'><strong>(losse</strong></span> <span class='ocrx_word' id='word_1_574' title='bbox 533 4112 569 4164; x_wconf 85' lang='lat' dir='ltr'><strong>ur,</strong></span> <span class='ocrx_word' id='word_1_575' title='bbox 584 4090 649 4166; x_wconf 73' lang='lat' dir='ltr'><strong>25i;</strong></span> <span class='ocrx_word' id='word_1_576' title='bbox 662 4095 782 4166; x_wconf 84' lang='lat' dir='ltr'><strong>reliquos</strong></span> <span class='ocrx_word' id='word_1_577' title='bbox 800 4111 866 4153; x_wconf 84' lang='lat' dir='ltr'><strong>uero</strong></span> <span class='ocrx_word' id='word_1_578' title='bbox 884 4097 1010 4167; x_wconf 82' lang='lat' dir='ltr'><strong>quosilla</strong></span> <span class='ocrx_word' id='word_1_579' title='bbox 1022 4114 1076 4156; x_wconf 92' lang='lat' dir='ltr'><strong>uon</strong></span> <span class='ocrx_word' id='word_1_580' title='bbox 1129 4092 1367 4172; x_wconf 85' lang='lat' dir='ltr'><strong>lateutcr&#39;cxcepit</strong></span> <span class='ocrx_word' id='word_1_581' title='bbox 1382 4120 1389 4156; x_wconf 75' lang='grc' dir='ltr'><strong>ε</strong></span> <span class='ocrx_word' id='word_1_582' title='bbox 1405 4103 1458 4161; x_wconf 82' lang='lat' dir='ltr'><strong>lroc</strong></span> <span class='ocrx_word' id='word_1_583' title='bbox 1469 4114 1520 4175; x_wconf 86' lang='lat' dir='ltr'><strong>cst,</strong></span> <span class='ocrx_word' id='word_1_584' title='bbox 1536 4106 1594 4164; x_wconf 83' lang='lat' dir='ltr'><strong>sire</strong></span> <span class='ocrx_word' id='word_1_585' title='bbox 1606 4109 1746 4180; x_wconf 82' lang='lat' dir='ltr'><strong>utriusque</strong></span> <span class='ocrx_word' id='word_1_586' title='bbox 1757 4108 1926 4168; x_wconf 80' lang='lat' dir='ltr'><strong>Testamenti</strong></span> <span class='ocrx_word' id='word_1_587' title='bbox 2024 4134 2025 4153; x_wconf 49' lang='grc' dir='ltr'><strong>ι</strong></span> 
     </span>
    </p>
   </div>
   <div class='ocr_carea' id='block_1_10' title="bbox 285 4186 1926 4271">
    <p class='ocr_par' dir='ltr' id='par_1_14' title="bbox 285 4186 1926 4271">
     <span class='ocr_line' id='line_1_42' title="bbox 285 4186 1926 4271; baseline 0.009 -28"><span class='ocrx_word' id='word_1_588' title='bbox 285 4188 440 4243; x_wconf 82' lang='lat' dir='ltr'><strong>eorrtiuelrat</strong></span> <span class='ocrx_word' id='word_1_589' title='bbox 451 4186 556 4255; x_wconf 88' lang='lat' dir='ltr'><strong>domus,</strong></span> <span class='ocrx_word' id='word_1_590' title='bbox 569 4186 647 4243; x_wconf 88' lang='lat' dir='ltr'><strong>unius</strong></span> <span class='ocrx_word' id='word_1_591' title='bbox 658 4187 754 4243; x_wconf 91' lang='lat' dir='ltr'><strong>mortis</strong></span> <span class='ocrx_word' id='word_1_592' title='bbox 763 4187 931 4259; x_wconf 83' lang='lat' dir='ltr'><strong>consumpsit</strong></span> <span class='ocrx_word' id='word_1_593' title='bbox 940 4189 1076 4246; x_wconf 81' lang='lat' dir='ltr'><strong>interitus.</strong></span> <span class='ocrx_word' id='word_1_594' title='bbox 1128 4197 1230 4245; x_wconf 84' lang='lat' dir='ltr'><strong>castam</strong></span> <span class='ocrx_word' id='word_1_595' title='bbox 1242 4192 1435 4263; x_wconf 89' lang='lat' dir='ltr'><strong>cognitionem,</strong></span> <span class='ocrx_word' id='word_1_596' title='bbox 1449 4195 1508 4253; x_wconf 86' lang='lat' dir='ltr'><strong>sire</strong></span> <span class='ocrx_word' id='word_1_597' title='bbox 1522 4195 1570 4254; x_wconf 81' lang='lat' dir='ltr'><strong>uei</strong></span> <span class='ocrx_word' id='word_1_598' title='bbox 1592 4207 1622 4255; x_wconf 89' lang='lat' dir='ltr'><strong>ct</strong></span> <span class='ocrx_word' id='word_1_599' title='bbox 1631 4201 1749 4271; x_wconf 85' lang='lat' dir='ltr'><strong>proximi</strong></span> <span class='ocrx_word' id='word_1_600' title='bbox 1761 4202 1926 4259; x_wconf 74' lang='lat' dir='ltr'><strong>cantarem:</strong></span> 
     </span>
    </p>
   </div>
   <div class='ocr_carea' id='block_1_11' title="bbox 125 4276 2025 4365">
    <p class='ocr_par' dir='ltr' id='par_1_15' title="bbox 125 4276 2025 4365">
     <span class='ocr_line' id='line_1_43' title="bbox 125 4276 2025 4365; baseline 0.008 -33"><span class='ocrx_word' id='word_1_601' title='bbox 125 4276 167 4357; x_wconf 18' lang='lat' dir='ltr'><strong>&#39;q</strong></span> <span class='ocrx_word' id='word_1_602' title='bbox 278 4277 314 4335; x_wconf 84' lang='lat' dir='ltr'><strong>ln</strong></span> <span class='ocrx_word' id='word_1_603' title='bbox 328 4280 373 4336; x_wconf 88' lang='lat' dir='ltr'><strong>illa</strong></span> <span class='ocrx_word' id='word_1_604' title='bbox 388 4280 469 4351; x_wconf 87' lang='lat' dir='ltr'><strong>igitur</strong></span> <span class='ocrx_word' id='word_1_605' title='bbox 495 4295 568 4347; x_wconf 90' lang='lat' dir='ltr'><strong>arca,</strong></span> <span class='ocrx_word' id='word_1_606' title='bbox 583 4287 612 4336; x_wconf 87' lang='lat' dir='ltr'><strong>et</strong></span> <span class='ocrx_word' id='word_1_607' title='bbox 633 4280 661 4336; x_wconf 93' lang='lat' dir='ltr'><strong>iu</strong></span> <span class='ocrx_word' id='word_1_608' title='bbox 679 4279 725 4337; x_wconf 86' lang='lat' dir='ltr'><strong>illa</strong></span> <span class='ocrx_word' id='word_1_609' title='bbox 749 4279 832 4338; x_wconf 91' lang='lat' dir='ltr'><strong>domo</strong></span> <span class='ocrx_word' id='word_1_610' title='bbox 852 4298 905 4338; x_wconf 84' lang='lat' dir='ltr'><strong>una</strong></span> <span class='ocrx_word' id='word_1_611' title='bbox 929 4282 1079 4354; x_wconf 82' lang='lat' dir='ltr'><strong>cademque</strong></span> <span class='ocrx_word' id='word_1_612' title='bbox 1128 4280 1192 4349; x_wconf 76' lang='lat' dir='ltr'><strong>qula</strong></span> <span class='ocrx_word' id='word_1_613' title='bbox 1206 4289 1235 4336; x_wconf 74' lang='lat' dir='ltr'><strong>el</strong></span> <span class='ocrx_word' id='word_1_614' title='bbox 1250 4281 1277 4337; x_wconf 85' lang='lat' dir='ltr'><strong>in</strong></span> <span class='ocrx_word' id='word_1_615' title='bbox 1299 4281 1351 4339; x_wconf 83' lang='lat' dir='ltr'><strong>illis</strong></span> <span class='ocrx_word' id='word_1_616' title='bbox 1364 4282 1469 4342; x_wconf 84' lang='lat' dir='ltr'><strong>duobus</strong></span> <span class='ocrx_word' id='word_1_617' title='bbox 1492 4287 1672 4347; x_wconf 74' lang='lat' dir='ltr'><strong>delamense</strong></span> <span class='ocrx_word' id='word_1_618' title='bbox 1695 4290 1744 4348; x_wconf 78' lang='lat' dir='ltr'><strong>liei</strong></span> <span class='ocrx_word' id='word_1_619' title='bbox 1758 4291 1929 4365; x_wconf 61' lang='lat' dir='ltr'><strong>etfprorimi</strong></span> <span class='ocrx_word' id='word_1_620' title='bbox 2024 4294 2025 4315; x_wconf 66' lang='lat'>¹</span> 
     </span>
    </p>
   </div>
   <div class='ocr_carea' id='block_1_12' title="bbox 284 4370 2025 4634">
    <p class='ocr_par' dir='ltr' id='par_1_16' title="bbox 284 4370 2025 4634">
     <span class='ocr_line' id='line_1_44' title="bbox 284 4370 1927 4454; baseline 0.007 -27"><span class='ocrx_word' id='word_1_621' title='bbox 284 4370 505 4442; x_wconf 77' lang='lat' dir='ltr'><strong>prcngurnnnur</strong></span> <span class='ocrx_word' id='word_1_622' title='bbox 518 4370 657 4438; x_wconf 79' lang='lat' dir='ltr'><strong>Ecclesia3</strong></span> <span class='ocrx_word' id='word_1_623' title='bbox 672 4370 758 4428; x_wconf 90' lang='lat' dir='ltr'><strong>sedin</strong></span> <span class='ocrx_word' id='word_1_624' title='bbox 775 4370 818 4428; x_wconf 79' lang='lat' dir='ltr'><strong>luis</strong></span> <span class='ocrx_word' id='word_1_625' title='bbox 832 4373 877 4442; x_wconf 82' lang='lat' dir='ltr'><strong>qui</strong></span> <span class='ocrx_word' id='word_1_626' title='bbox 892 4380 969 4429; x_wconf 82' lang='lat' dir='ltr'><strong>extra</strong></span> <span class='ocrx_word' id='word_1_627' title='bbox 983 4388 1076 4430; x_wconf 83' lang='lat' dir='ltr'><strong>arcam</strong></span> <span class='ocrx_word' id='word_1_628' title='bbox 1127 4372 1226 4428; x_wconf 78' lang='lat' dir='ltr'><strong>caricae</strong></span> <span class='ocrx_word' id='word_1_629' title='bbox 1249 4372 1398 4445; x_wconf 88' lang='lat' dir='ltr'><strong>intimatur,</strong></span> <span class='ocrx_word' id='word_1_630' title='bbox 1419 4387 1447 4432; x_wconf 86' lang='lat' dir='ltr'><strong>et</strong></span> <span class='ocrx_word' id='word_1_631' title='bbox 1467 4377 1495 4433; x_wconf 90' lang='lat' dir='ltr'><strong>iu</strong></span> <span class='ocrx_word' id='word_1_632' title='bbox 1520 4379 1563 4436; x_wconf 85' lang='lat' dir='ltr'><strong>lsis</strong></span> <span class='ocrx_word' id='word_1_633' title='bbox 1576 4379 1682 4438; x_wconf 82' lang='lat' dir='ltr'><strong>duobus</strong></span> <span class='ocrx_word' id='word_1_634' title='bbox 1704 4383 1848 4454; x_wconf 74' lang='lat' dir='ltr'><strong>preceptis</strong></span> <span class='ocrx_word' id='word_1_635' title='bbox 1869 4391 1927 4438; x_wconf 84' lang='lat' dir='ltr'><strong>tols</strong></span> 
     </span>
     <span class='ocr_line' id='line_1_45' title="bbox 284 4458 2025 4561; baseline 0.007 -44"><span class='ocrx_word' id='word_1_636' title='bbox 284 4458 383 4518; x_wconf 77' lang='lat' dir='ltr'><strong>diluuio</strong></span> <span class='ocrx_word' id='word_1_637' title='bbox 406 4462 553 4533; x_wconf 88' lang='lat' dir='ltr'><strong>perierunt,</strong></span> <span class='ocrx_word' id='word_1_638' title='bbox 570 4470 598 4518; x_wconf 94' lang='lat' dir='ltr'><strong>et</strong></span> <span class='ocrx_word' id='word_1_639' title='bbox 612 4463 640 4517; x_wconf 95' lang='lat' dir='ltr'><strong>in</strong></span> <span class='ocrx_word' id='word_1_640' title='bbox 654 4462 694 4518; x_wconf 91' lang='lat' dir='ltr'><strong>eis</strong></span> <span class='ocrx_word' id='word_1_641' title='bbox 717 4462 763 4532; x_wconf 85' lang='lat' dir='ltr'><strong>qui</strong></span> <span class='ocrx_word' id='word_1_642' title='bbox 777 4470 854 4519; x_wconf 78' lang='lat' dir='ltr'><strong>extra</strong></span> <span class='ocrx_word' id='word_1_643' title='bbox 880 4462 954 4518; x_wconf 87' lang='lat' dir='ltr'><strong>illam</strong></span> <span class='ocrx_word' id='word_1_644' title='bbox 967 4463 1077 4521; x_wconf 88' lang='lat' dir='ltr'><strong>domum</strong></span> <span class='ocrx_word' id='word_1_645' title='bbox 1126 4461 1170 4518; x_wconf 87' lang='lat' dir='ltr'><strong>lex</strong></span> <span class='ocrx_word' id='word_1_646' title='bbox 1185 4479 1246 4520; x_wconf 89' lang='lat' dir='ltr'><strong>cum</strong></span> <span class='ocrx_word' id='word_1_647' title='bbox 1261 4467 1400 4538; x_wconf 85' lang='lat' dir='ltr'><strong>prophetis</strong></span> <span class='ocrx_word' id='word_1_648' title='bbox 1410 4469 1529 4539; x_wconf 87' lang='lat' dir='ltr'><strong>pendere</strong></span> <span class='ocrx_word' id='word_1_649' title='bbox 1547 4474 1720 4542; x_wconf 71' lang='lat' dir='ltr'><strong>cognoscitur</strong></span> <span class='ocrx_word' id='word_1_650' title='bbox 1731 4471 1841 4546; x_wconf 73' lang='lat' dir='ltr'><strong>(Metti.</strong></span> <span class='ocrx_word' id='word_1_651' title='bbox 1858 4489 1926 4542; x_wconf 80' lang='lat' dir='ltr'><strong>nxn,</strong></span> <span class='ocrx_word' id='word_1_652' title='bbox 2024 4514 2025 4561; x_wconf 64' lang='lat'><em>}</em></span> 
     </span>
     <span class='ocr_line' id='line_1_46' title="bbox 284 4550 2025 4634; baseline 0.007 -27"><span class='ocrx_word' id='word_1_653' title='bbox 284 4550 371 4624; x_wconf 85' lang='lat' dir='ltr'><strong>gladio</strong></span> <span class='ocrx_word' id='word_1_654' title='bbox 394 4553 492 4609; x_wconf 88' lang='lat' dir='ltr'><strong>mortui</strong></span> <span class='ocrx_word' id='word_1_655' title='bbox 514 4560 586 4620; x_wconf 89' lang='lat' dir='ltr'><strong>sunt,</strong></span> <span class='ocrx_word' id='word_1_656' title='bbox 615 4553 729 4624; x_wconf 75' lang='lat' dir='ltr'><strong>gemine</strong></span> <span class='ocrx_word' id='word_1_657' title='bbox 753 4551 958 4623; x_wconf 79' lang='lat' dir='ltr'><strong>significationis</strong></span> <span class='ocrx_word' id='word_1_658' title='bbox 986 4563 1076 4626; x_wconf 85' lang='lat' dir='ltr'><strong>potest</strong></span> <span class='ocrx_word' id='word_1_659' title='bbox 1127 4550 1186 4625; x_wconf 79' lang='lat' dir='ltr'><strong>ld).</strong></span> <span class='ocrx_word' id='word_1_660' title='bbox 1202 4554 1266 4612; x_wconf 75' lang='lat' dir='ltr'><strong>llaec</strong></span> <span class='ocrx_word' id='word_1_661' title='bbox 1280 4571 1341 4627; x_wconf 70' lang='lat' dir='ltr'><strong>quse</strong></span> <span class='ocrx_word' id='word_1_662' title='bbox 1358 4560 1432 4629; x_wconf 89' lang='lat' dir='ltr'><strong>prius</strong></span> <span class='ocrx_word' id='word_1_663' title='bbox 1451 4560 1530 4619; x_wconf 88' lang='lat' dir='ltr'><strong>idolis</strong></span> <span class='ocrx_word' id='word_1_664' title='bbox 1552 4564 1697 4634; x_wconf 85' lang='lat' dir='ltr'><strong>prostituta</strong></span> <span class='ocrx_word' id='word_1_665' title='bbox 1724 4563 1775 4620; x_wconf 88' lang='lat' dir='ltr'><strong>luit</strong></span> <span class='ocrx_word' id='word_1_666' title='bbox 1795 4565 1926 4622; x_wconf 83' lang='lat' dir='ltr'><strong>meretrix</strong></span> <span class='ocrx_word' id='word_1_667' title='bbox 2024 4588 2025 4595; x_wconf 25' lang='grc' dir='ltr'><strong>ι</strong></span> 
     </span>
    </p>
   </div>
   <div class='ocr_carea' id='block_1_13' title="bbox 283 4638 1925 4736">
    <p class='ocr_par' dir='ltr' id='par_1_17' title="bbox 283 4638 1925 4736">
     <span class='ocr_line' id='line_1_47' title="bbox 283 4638 1925 4736; baseline 0.005 -35"><span class='ocrx_word' id='word_1_668' title='bbox 283 4643 446 4701; x_wconf 84' lang='lat' dir='ltr'><strong>considerari</strong></span> <span class='ocrx_word' id='word_1_669' title='bbox 455 4638 623 4716; x_wconf 82' lang='lat' dir='ltr'><strong>mysterium.</strong></span> <span class='ocrx_word' id='word_1_670' title='bbox 632 4642 765 4700; x_wconf 82' lang='lat' dir='ltr'><strong>Existimo</strong></span> <span class='ocrx_word' id='word_1_671' title='bbox 785 4645 856 4700; x_wconf 89' lang='lat' dir='ltr'><strong>enirn</strong></span> <span class='ocrx_word' id='word_1_672' title='bbox 868 4653 999 4714; x_wconf 86' lang='lat' dir='ltr'><strong>quantum</strong></span> <span class='ocrx_word' id='word_1_673' title='bbox 1009 4645 1075 4701; x_wconf 80' lang='lat' dir='ltr'><strong>milri</strong></span> <span class='ocrx_word' id='word_1_674' title='bbox 1090 4643 1219 4736; x_wconf 68' lang='lat' dir='ltr'><strong>nimpia,</strong></span> <span class='ocrx_word' id='word_1_675' title='bbox 1235 4648 1385 4719; x_wconf 87' lang='lat' dir='ltr'><strong>suscipiens</strong></span> <span class='ocrx_word' id='word_1_676' title='bbox 1398 4650 1584 4721; x_wconf 85' lang='lat' dir='ltr'><strong>exploratores</strong></span> <span class='ocrx_word' id='word_1_677' title='bbox 1597 4653 1671 4721; x_wconf 88' lang='lat' dir='ltr'><strong>lesu,</strong></span> <span class='ocrx_word' id='word_1_678' title='bbox 1685 4656 1756 4711; x_wconf 80' lang='lat' dir='ltr'><strong>lucta</strong></span> <span class='ocrx_word' id='word_1_679' title='bbox 1770 4663 1813 4711; x_wconf 89' lang='lat' dir='ltr'><strong>est</strong></span> <span class='ocrx_word' id='word_1_680' title='bbox 1838 4655 1925 4712; x_wconf 82' lang='lat' dir='ltr'><strong>idelis</strong></span> 
     </span>
    </p>
   </div>
   <div class='ocr_carea' id='block_1_14' title="bbox 284 4736 2025 4816">
    <p class='ocr_par' dir='ltr' id='par_1_18' title="bbox 284 4736 2025 4816">
     <span class='ocr_line' id='line_1_48' title="bbox 284 4736 2025 4816; baseline 0.005 -23"><span class='ocrx_word' id='word_1_681' title='bbox 284 4753 353 4794; x_wconf 90' lang='lat' dir='ltr'><strong>nuuc</strong></span> <span class='ocrx_word' id='word_1_682' title='bbox 367 4737 474 4793; x_wconf 86' lang='lat' dir='ltr'><strong>interim</strong></span> <span class='ocrx_word' id='word_1_683' title='bbox 488 4736 605 4805; x_wconf 83' lang='lat' dir='ltr'><strong>uidetur,</strong></span> <span class='ocrx_word' id='word_1_684' title='bbox 621 4752 676 4792; x_wconf 90' lang='lat' dir='ltr'><strong>nou</strong></span> <span class='ocrx_word' id='word_1_685' title='bbox 687 4738 837 4807; x_wconf 77' lang='lat' dir='ltr'><strong>incongrue</strong></span> <span class='ocrx_word' id='word_1_686' title='bbox 851 4736 926 4793; x_wconf 85' lang='lat' dir='ltr'><strong>credi</strong></span> <span class='ocrx_word' id='word_1_687' title='bbox 943 4739 970 4793; x_wconf 90' lang='lat' dir='ltr'><strong>in</strong></span> <span class='ocrx_word' id='word_1_688' title='bbox 985 4737 1077 4794; x_wconf 86' lang='lat' dir='ltr'><strong>diluvii</strong></span> <span class='ocrx_word' id='word_1_689' title='bbox 1130 4744 1158 4790; x_wconf 84' lang='lat' dir='ltr'><strong>et</strong></span> <span class='ocrx_word' id='word_1_690' title='bbox 1167 4743 1240 4791; x_wconf 79' lang='lat' dir='ltr'><strong>casta</strong></span> <span class='ocrx_word' id='word_1_691' title='bbox 1257 4755 1265 4792; x_wconf 78' lang='lat' dir='ltr'><strong>r</strong></span> <span class='ocrx_word' id='word_1_692' title='bbox 1280 4753 1349 4809; x_wconf 86' lang='lat' dir='ltr'><strong>quos</strong></span> <span class='ocrx_word' id='word_1_693' title='bbox 1361 4741 1516 4799; x_wconf 89' lang='lat' dir='ltr'><strong>custodiens</strong></span> <span class='ocrx_word' id='word_1_694' title='bbox 1530 4758 1545 4799; x_wconf 84' lang='lat' dir='ltr'><strong>a</strong></span> <span class='ocrx_word' id='word_1_695' title='bbox 1559 4743 1784 4816; x_wconf 82' lang='lat' dir='ltr'><strong>persequentibus</strong></span> <span class='ocrx_word' id='word_1_696' title='bbox 1798 4747 1928 4814; x_wconf 89' lang='lat' dir='ltr'><strong>inimicis,</strong></span> <span class='ocrx_word' id='word_1_697' title='bbox 2024 4778 2025 4785; x_wconf 28' lang='grc' dir='ltr'><strong>ι</strong></span> 
     </span>
    </p>
   </div>
   <div class='ocr_carea' id='block_1_15' title="bbox 280 4826 1932 5818">
    <p class='ocr_par' dir='ltr' id='par_1_19' title="bbox 280 4826 1932 5818">
     <span class='ocr_line' id='line_1_49' title="bbox 285 4826 1928 4907; baseline 0.009 -26"><span class='ocrx_word' id='word_1_698' title='bbox 285 4826 483 4896; x_wconf 76' lang='lat' dir='ltr'><strong>significatione</strong></span> <span class='ocrx_word' id='word_1_699' title='bbox 497 4826 664 4899; x_wconf 66' lang='lat' dir='ltr'><strong>praecessisse</strong></span> <span class='ocrx_word' id='word_1_700' title='bbox 686 4826 819 4898; x_wconf 83' lang='lat' dir='ltr'><strong>baptisma</strong></span> <span class='ocrx_word' id='word_1_701' title='bbox 839 4827 997 4885; x_wconf 68' lang='lat' dir='ltr'><strong>Christianae</strong></span> <span class='ocrx_word' id='word_1_702' title='bbox 1013 4845 1081 4886; x_wconf 90' lang='lat' dir='ltr'><strong>eon·</strong></span> <span class='ocrx_word' id='word_1_703' title='bbox 1130 4842 1184 4883; x_wconf 92' lang='lat' dir='ltr'><strong>nou</strong></span> <span class='ocrx_word' id='word_1_704' title='bbox 1208 4828 1236 4884; x_wconf 91' lang='lat' dir='ltr'><strong>in</strong></span> <span class='ocrx_word' id='word_1_705' title='bbox 1259 4830 1430 4889; x_wconf 81' lang='lat' dir='ltr'><strong>interioribus</strong></span> <span class='ocrx_word' id='word_1_706' title='bbox 1442 4834 1581 4907; x_wconf 89' lang='lat' dir='ltr'><strong>depositos</strong></span> <span class='ocrx_word' id='word_1_707' title='bbox 1603 4839 1702 4906; x_wconf 88' lang='lat' dir='ltr'><strong>obruit,</strong></span> <span class='ocrx_word' id='word_1_708' title='bbox 1726 4839 1775 4895; x_wconf 88' lang='lat' dir='ltr'><strong>sed</strong></span> <span class='ocrx_word' id='word_1_709' title='bbox 1787 4841 1813 4894; x_wconf 90' lang='lat' dir='ltr'><strong>in</strong></span> <span class='ocrx_word' id='word_1_710' title='bbox 1825 4840 1928 4896; x_wconf 84' lang='lat' dir='ltr'><strong>solario</strong></span> 
     </span>
     <span class='ocr_line' id='line_1_50' title="bbox 283 4915 1929 4988; baseline 0.01 -17"><span class='ocrx_word' id='word_1_711' title='bbox 283 4917 423 4985; x_wconf 87' lang='lat' dir='ltr'><strong>lessionis;</strong></span> <span class='ocrx_word' id='word_1_712' title='bbox 439 4924 469 4971; x_wconf 89' lang='lat' dir='ltr'><strong>ut</strong></span> <span class='ocrx_word' id='word_1_713' title='bbox 483 4930 661 4985; x_wconf 86' lang='lat' dir='ltr'><strong>agnoscamus</strong></span> <span class='ocrx_word' id='word_1_714' title='bbox 675 4915 828 4984; x_wconf 73' lang='lat' dir='ltr'><strong>haereticos,</strong></span> <span class='ocrx_word' id='word_1_715' title='bbox 843 4916 864 4972; x_wconf 93' lang='lat' dir='ltr'><strong>si</strong></span> <span class='ocrx_word' id='word_1_716' title='bbox 887 4927 963 4972; x_wconf 82' lang='lat' dir='ltr'><strong>extro</strong></span> <span class='ocrx_word' id='word_1_717' title='bbox 983 4917 1079 4975; x_wconf 89' lang='lat' dir='ltr'><strong>Eccle-</strong></span> <span class='ocrx_word' id='word_1_718' title='bbox 1129 4917 1226 4976; x_wconf 72' lang='lat' dir='ltr'><strong>donnus</strong></span> <span class='ocrx_word' id='word_1_719' title='bbox 1240 4923 1408 4981; x_wconf 75' lang='lat' dir='ltr'><strong>sceleratos</strong></span> <span class='ocrx_word' id='word_1_720' title='bbox 1419 4923 1534 4983; x_wconf 88' lang='lat' dir='ltr'><strong>latenter</strong></span> <span class='ocrx_word' id='word_1_721' title='bbox 1545 4929 1695 4987; x_wconf 83' lang='lat' dir='ltr'><strong>abscondit.</strong></span> <span class='ocrx_word' id='word_1_722' title='bbox 1706 4929 1846 4987; x_wconf 86' lang='lat' dir='ltr'><strong>Solarium</strong></span> <span class='ocrx_word' id='word_1_723' title='bbox 1860 4945 1929 4988; x_wconf 82' lang='lat' dir='ltr'><strong>rere</strong></span> 
     </span>
     <span class='ocr_line' id='line_1_51' title="bbox 282 5007 1928 5092; baseline 0.009 -30"><span class='ocrx_word' id='word_1_724' title='bbox 282 5007 350 5062; x_wconf 83' lang='lat' dir='ltr'><strong>siam</strong></span> <span class='ocrx_word' id='word_1_725' title='bbox 377 5007 591 5077; x_wconf 81' lang='lat' dir='ltr'><strong>permanserint,</strong></span> <span class='ocrx_word' id='word_1_726' title='bbox 616 5007 752 5077; x_wconf 84' lang='lat' dir='ltr'><strong>baptismo</strong></span> <span class='ocrx_word' id='word_1_727' title='bbox 770 5022 878 5079; x_wconf 78' lang='lat' dir='ltr'><strong>umnam</strong></span> <span class='ocrx_word' id='word_1_728' title='bbox 902 5008 1009 5073; x_wconf 88' lang='lat' dir='ltr'><strong>mereri,</strong></span> <span class='ocrx_word' id='word_1_729' title='bbox 1024 5023 1080 5064; x_wconf 89' lang='lat' dir='ltr'><strong>nou</strong></span> <span class='ocrx_word' id='word_1_730' title='bbox 1112 5018 1273 5081; x_wconf 68' lang='lat' dir='ltr'><strong>‚propterea</strong></span> <span class='ocrx_word' id='word_1_731' title='bbox 1287 5012 1394 5083; x_wconf 84' lang='lat' dir='ltr'><strong>dicitur,</strong></span> <span class='ocrx_word' id='word_1_732' title='bbox 1409 5019 1527 5090; x_wconf 84' lang='lat' dir='ltr'><strong>eoquod</strong></span> <span class='ocrx_word' id='word_1_733' title='bbox 1541 5019 1606 5075; x_wconf 88' lang='lat' dir='ltr'><strong>solis</strong></span> <span class='ocrx_word' id='word_1_734' title='bbox 1624 5019 1726 5077; x_wconf 90' lang='lat' dir='ltr'><strong>lumine</strong></span> <span class='ocrx_word' id='word_1_735' title='bbox 1738 5021 1928 5092; x_wconf 80' lang='lat' dir='ltr'><strong>perfundatur.</strong></span> 
     </span>
     <span class='ocr_line' id='line_1_52' title="bbox 284 5096 1930 5185; baseline 0.007 -29"><span class='ocrx_word' id='word_1_736' title='bbox 284 5101 378 5167; x_wconf 83' lang='lat' dir='ltr'><strong>vitam,</strong></span> <span class='ocrx_word' id='word_1_737' title='bbox 395 5107 422 5155; x_wconf 91' lang='lat' dir='ltr'><strong>et</strong></span> <span class='ocrx_word' id='word_1_738' title='bbox 436 5101 544 5171; x_wconf 89' lang='lat' dir='ltr'><strong>eosqui</strong></span> <span class='ocrx_word' id='word_1_739' title='bbox 558 5097 694 5155; x_wconf 80' lang='lat' dir='ltr'><strong>Christum</strong></span> <span class='ocrx_word' id='word_1_740' title='bbox 709 5106 840 5169; x_wconf 89' lang='lat' dir='ltr'><strong>negantes</strong></span> <span class='ocrx_word' id='word_1_741' title='bbox 851 5098 885 5154; x_wconf 93' lang='lat' dir='ltr'><strong>de</strong></span> <span class='ocrx_word' id='word_1_742' title='bbox 898 5096 1018 5155; x_wconf 82' lang='lat' dir='ltr'><strong>Ecclesia</strong></span> <span class='ocrx_word' id='word_1_743' title='bbox 1033 5114 1080 5155; x_wconf 88' lang='lat' dir='ltr'><strong>ea·</strong></span> <span class='ocrx_word' id='word_1_744' title='bbox 1131 5101 1196 5170; x_wconf 83' lang='lat' dir='ltr'><strong>Quis</strong></span> <span class='ocrx_word' id='word_1_745' title='bbox 1210 5112 1252 5159; x_wconf 88' lang='lat' dir='ltr'><strong>est</strong></span> <span class='ocrx_word' id='word_1_746' title='bbox 1270 5115 1360 5163; x_wconf 88' lang='lat' dir='ltr'><strong>autem</strong></span> <span class='ocrx_word' id='word_1_747' title='bbox 1379 5109 1421 5164; x_wconf 93' lang='lat' dir='ltr'><strong>sol</strong></span> <span class='ocrx_word' id='word_1_748' title='bbox 1446 5109 1555 5167; x_wconf 86' lang='lat' dir='ltr'><strong>humani</strong></span> <span class='ocrx_word' id='word_1_749' title='bbox 1569 5112 1673 5179; x_wconf 82' lang='lat' dir='ltr'><strong>cordis,</strong></span> <span class='ocrx_word' id='word_1_750' title='bbox 1689 5115 1741 5170; x_wconf 89' lang='lat' dir='ltr'><strong>nisi</strong></span> <span class='ocrx_word' id='word_1_751' title='bbox 1756 5115 1803 5171; x_wconf 89' lang='lat' dir='ltr'><strong>ille</strong></span> <span class='ocrx_word' id='word_1_752' title='bbox 1827 5115 1860 5171; x_wconf 87' lang='lat' dir='ltr'><strong>de</strong></span> <span class='ocrx_word' id='word_1_753' title='bbox 1872 5131 1930 5185; x_wconf 85' lang='lat' dir='ltr'><strong>qun</strong></span> 
     </span>
     <span class='ocr_line' id='line_1_53' title="bbox 285 5189 1929 5273; baseline 0.009 -26"><span class='ocrx_word' id='word_1_754' title='bbox 285 5190 386 5248; x_wconf 89' lang='lat' dir='ltr'><strong>tlrulica</strong></span> <span class='ocrx_word' id='word_1_755' title='bbox 411 5190 563 5258; x_wconf 86' lang='lat' dir='ltr'><strong>discedunt,</strong></span> <span class='ocrx_word' id='word_1_756' title='bbox 578 5201 681 5246; x_wconf 76' lang='lat' dir='ltr'><strong>:uterne</strong></span> <span class='ocrx_word' id='word_1_757' title='bbox 695 5190 826 5261; x_wconf 75' lang='lat' dir='ltr'><strong>supplicio</strong></span> <span class='ocrx_word' id='word_1_758' title='bbox 847 5191 989 5261; x_wconf 88' lang='lat' dir='ltr'><strong>perituros.</strong></span> <span class='ocrx_word' id='word_1_759' title='bbox 1004 5189 1081 5248; x_wconf 78' lang='lat' dir='ltr'><strong>Arce</strong></span> <span class='ocrx_word' id='word_1_760' title='bbox 1130 5194 1285 5254; x_wconf 88' lang='lat' dir='ltr'><strong>dictumest</strong></span> <span class='ocrx_word' id='word_1_761' title='bbox 1299 5214 1347 5271; x_wconf 91' lang='lat' dir='ltr'><strong>pcr</strong></span> <span class='ocrx_word' id='word_1_762' title='bbox 1359 5202 1519 5273; x_wconf 82' lang='lat' dir='ltr'><strong>prophetam</strong></span> <span class='ocrx_word' id='word_1_763' title='bbox 1534 5223 1541 5259; x_wconf 89' lang='lat'>:</span> <span class='ocrx_word' id='word_1_764' title='bbox 1558 5203 1718 5263; x_wconf 74' lang='lat' dir='ltr'><strong>Timentibus</strong></span> <span class='ocrx_word' id='word_1_765' title='bbox 1731 5217 1819 5263; x_wconf 81' lang='lat' dir='ltr'><strong>entem</strong></span> <span class='ocrx_word' id='word_1_766' title='bbox 1833 5223 1929 5264; x_wconf 76' lang='lat' dir='ltr'><strong>nornen</strong></span> 
     </span>
     <span class='ocr_line' id='line_1_54' title="bbox 282 5278 1930 5370; baseline 0.01 -34"><span class='ocrx_word' id='word_1_767' title='bbox 282 5282 387 5352; x_wconf 78' lang='lat' dir='ltr'><strong>quippe</strong></span> <span class='ocrx_word' id='word_1_768' title='bbox 401 5288 599 5337; x_wconf 85' lang='lat' dir='ltr'><strong>sacramentum</strong></span> <span class='ocrx_word' id='word_1_769' title='bbox 618 5279 714 5336; x_wconf 84' lang='lat' dir='ltr'><strong>beatus</strong></span> <span class='ocrx_word' id='word_1_770' title='bbox 726 5278 823 5336; x_wconf 88' lang='lat' dir='ltr'><strong>Petrus</strong></span> <span class='ocrx_word' id='word_1_771' title='bbox 837 5280 878 5337; x_wconf 87' lang='lat' dir='ltr'><strong>lris</strong></span> <span class='ocrx_word' id='word_1_772' title='bbox 891 5281 981 5337; x_wconf 81' lang='lat' dir='ltr'><strong>uerbis</strong></span> <span class='ocrx_word' id='word_1_773' title='bbox 993 5297 1080 5352; x_wconf 84' lang='lat' dir='ltr'><strong>expo·</strong></span> <span class='ocrx_word' id='word_1_774' title='bbox 1130 5301 1214 5347; x_wconf 84' lang='lat' dir='ltr'><strong>nrcnm</strong></span> <span class='ocrx_word' id='word_1_775' title='bbox 1234 5290 1331 5345; x_wconf 80' lang='lat' dir='ltr'><strong>orietur</strong></span> <span class='ocrx_word' id='word_1_776' title='bbox 1353 5291 1394 5347; x_wconf 86' lang='lat' dir='ltr'><strong>sol</strong></span> <span class='ocrx_word' id='word_1_777' title='bbox 1411 5293 1536 5365; x_wconf 79' lang='lat' dir='ltr'><strong>justitie,</strong></span> <span class='ocrx_word' id='word_1_778' title='bbox 1551 5306 1576 5352; x_wconf 85' lang='lat' dir='ltr'><strong>et</strong></span> <span class='ocrx_word' id='word_1_779' title='bbox 1589 5299 1690 5353; x_wconf 81' lang='lat' dir='ltr'><strong>sonitus</strong></span> <span class='ocrx_word' id='word_1_780' title='bbox 1704 5300 1732 5353; x_wconf 88' lang='lat' dir='ltr'><strong>in</strong></span> <span class='ocrx_word' id='word_1_781' title='bbox 1755 5302 1850 5370; x_wconf 74' lang='lat' dir='ltr'><strong>penicis</strong></span> <span class='ocrx_word' id='word_1_782' title='bbox 1868 5300 1930 5370; x_wconf 78' lang='lat' dir='ltr'><strong>ejus</strong></span> 
     </span>
     <span class='ocr_line' id='line_1_55' title="bbox 283 5371 1931 5461; baseline 0.011 -34"><span class='ocrx_word' id='word_1_783' title='bbox 283 5372 337 5427; x_wconf 85' lang='lat' dir='ltr'><strong>nit:</strong></span> <span class='ocrx_word' id='word_1_784' title='bbox 347 5371 380 5426; x_wconf 89' lang='lat' dir='ltr'><strong>ln</strong></span> <span class='ocrx_word' id='word_1_785' title='bbox 395 5372 597 5445; x_wconf 79' lang='lat' dir='ltr'><strong>diebusqnondo</strong></span> <span class='ocrx_word' id='word_1_786' title='bbox 607 5372 772 5445; x_wconf 75' lang='lat' dir='ltr'><strong>exspostulat</strong></span> <span class='ocrx_word' id='word_1_787' title='bbox 783 5371 835 5429; x_wconf 81' lang='lat' dir='ltr'><strong>Dei</strong></span> <span class='ocrx_word' id='word_1_788' title='bbox 844 5377 970 5445; x_wconf 84' lang='lat' dir='ltr'><strong>pollentio</strong></span> <span class='ocrx_word' id='word_1_789' title='bbox 982 5379 1010 5430; x_wconf 89' lang='lat' dir='ltr'><strong>in</strong></span> <span class='ocrx_word' id='word_1_790' title='bbox 1020 5376 1078 5432; x_wconf 82' lang='lat' dir='ltr'><strong>die·</strong></span> <span class='ocrx_word' id='word_1_791' title='bbox 1130 5380 1141 5449; x_wconf 74' lang='lat' dir='ltr'><strong>i</strong></span> <span class='ocrx_word' id='word_1_792' title='bbox 1153 5379 1250 5438; x_wconf 82' lang='lat' dir='ltr'><strong>llnlnc.</strong></span> <span class='ocrx_word' id='word_1_793' title='bbox 1267 5401 1310 5450; x_wconf 86' lang='lat' dir='ltr'><strong>tv,</strong></span> <span class='ocrx_word' id='word_1_794' title='bbox 1324 5385 1383 5457; x_wconf 57' lang='grc' dir='ltr'><strong>ῆι</strong></span> <span class='ocrx_word' id='word_1_795' title='bbox 1395 5387 1434 5445; x_wconf 88' lang='lat' dir='ltr'><strong>De</strong></span> <span class='ocrx_word' id='word_1_796' title='bbox 1448 5389 1507 5461; x_wconf 86' lang='lat' dir='ltr'><strong>ipso</strong></span> <span class='ocrx_word' id='word_1_797' title='bbox 1530 5392 1589 5449; x_wconf 87' lang='lat' dir='ltr'><strong>sule</strong></span> <span class='ocrx_word' id='word_1_798' title='bbox 1609 5393 1714 5450; x_wconf 86' lang='lat' dir='ltr'><strong>oriente</strong></span> <span class='ocrx_word' id='word_1_799' title='bbox 1734 5393 1877 5450; x_wconf 82' lang='lat' dir='ltr'><strong>Zacharias</strong></span> <span class='ocrx_word' id='word_1_800' title='bbox 1895 5393 1931 5447; x_wconf 84' lang='lat' dir='ltr'><strong>in</strong></span> 
     </span>
     <span class='ocr_line' id='line_1_56' title="bbox 281 5458 1930 5551; baseline 0.005 -23"><span class='ocrx_word' id='word_1_801' title='bbox 281 5460 326 5517; x_wconf 69' lang='lat' dir='ltr'><strong>l¹⁴⁸</strong></span> <span class='ocrx_word' id='word_1_802' title='bbox 341 5458 409 5528; x_wconf 73' lang='lat' dir='ltr'><strong>Nor,</strong></span> <span class='ocrx_word' id='word_1_803' title='bbox 422 5479 480 5517; x_wconf 67' lang='lat' dir='ltr'><strong>rum</strong></span> <span class='ocrx_word' id='word_1_804' title='bbox 500 5460 673 5534; x_wconf 63' lang='lat' dir='ltr'><strong>fabricaretur</strong></span> <span class='ocrx_word' id='word_1_805' title='bbox 690 5480 764 5534; x_wconf 78' lang='lat' dir='ltr'><strong>arca,</strong></span> <span class='ocrx_word' id='word_1_806' title='bbox 778 5465 806 5519; x_wconf 85' lang='lat' dir='ltr'><strong>in</strong></span> <span class='ocrx_word' id='word_1_807' title='bbox 820 5482 871 5538; x_wconf 75' lang='lat' dir='ltr'><strong>pern</strong></span> <span class='ocrx_word' id='word_1_808' title='bbox 893 5468 980 5538; x_wconf 84' lang='lat' dir='ltr'><strong>pauci,</strong></span> <span class='ocrx_word' id='word_1_809' title='bbox 998 5466 1079 5523; x_wconf 86' lang='lat' dir='ltr'><strong>idest</strong></span> <span class='ocrx_word' id='word_1_810' title='bbox 1128 5473 1272 5545; x_wconf 81' lang='lat' dir='ltr'><strong>Evangelio</strong></span> <span class='ocrx_word' id='word_1_811' title='bbox 1286 5478 1325 5534; x_wconf 89' lang='lat' dir='ltr'><strong>sic</strong></span> <span class='ocrx_word' id='word_1_812' title='bbox 1347 5479 1493 5551; x_wconf 86' lang='lat' dir='ltr'><strong>prophetat</strong></span> <span class='ocrx_word' id='word_1_813' title='bbox 1509 5500 1516 5537; x_wconf 74' lang='grc' dir='ltr'><strong>ε</strong></span> <span class='ocrx_word' id='word_1_814' title='bbox 1530 5481 1598 5547; x_wconf 81' lang='lat' dir='ltr'><strong>Quin</strong></span> <span class='ocrx_word' id='word_1_815' title='bbox 1612 5483 1724 5540; x_wconf 81' lang='lat' dir='ltr'><strong>uisitauit</strong></span> <span class='ocrx_word' id='word_1_816' title='bbox 1733 5502 1780 5540; x_wconf 84' lang='lat' dir='ltr'><strong>nes</strong></span> <span class='ocrx_word' id='word_1_817' title='bbox 1792 5486 1876 5539; x_wconf 81' lang='lat' dir='ltr'><strong>oriens</strong></span> <span class='ocrx_word' id='word_1_818' title='bbox 1890 5500 1930 5538; x_wconf 74' lang='lat' dir='ltr'><strong>ex</strong></span> 
     </span>
     <span class='ocr_line' id='line_1_57' title="bbox 281 5554 1932 5644; baseline 0.012 -37"><span class='ocrx_word' id='word_1_819' title='bbox 281 5563 336 5607; x_wconf 78' lang='lat' dir='ltr'><strong>ecto</strong></span> <span class='ocrx_word' id='word_1_820' title='bbox 350 5554 445 5609; x_wconf 69' lang='lat' dir='ltr'><strong>emme</strong></span> <span class='ocrx_word' id='word_1_821' title='bbox 458 5555 537 5610; x_wconf 81' lang='lat' dir='ltr'><strong>salute</strong></span> <span class='ocrx_word' id='word_1_822' title='bbox 551 5557 630 5628; x_wconf 75' lang='lat' dir='ltr'><strong>sactu</strong></span> <span class='ocrx_word' id='word_1_823' title='bbox 639 5566 699 5611; x_wconf 80' lang='lat' dir='ltr'><strong>sunt</strong></span> <span class='ocrx_word' id='word_1_824' title='bbox 712 5571 759 5624; x_wconf 87' lang='lat' dir='ltr'><strong>per</strong></span> <span class='ocrx_word' id='word_1_825' title='bbox 780 5574 872 5630; x_wconf 76' lang='lat' dir='ltr'><strong>aquom</strong></span> <span class='ocrx_word' id='word_1_826' title='bbox 885 5574 894 5613; x_wconf 90' lang='grc'><strong>.·</strong></span> <span class='ocrx_word' id='word_1_827' title='bbox 908 5559 977 5628; x_wconf 80' lang='lat' dir='ltr'><strong>qnod</strong></span> <span class='ocrx_word' id='word_1_828' title='bbox 993 5570 1018 5615; x_wconf 80' lang='lat' dir='ltr'><strong>el</strong></span> <span class='ocrx_word' id='word_1_829' title='bbox 1031 5575 1076 5617; x_wconf 82' lang='lat' dir='ltr'><strong>cos</strong></span> <span class='ocrx_word' id='word_1_830' title='bbox 1130 5566 1195 5635; x_wconf 85' lang='lat' dir='ltr'><strong>olto,</strong></span> <span class='ocrx_word' id='word_1_831' title='bbox 1208 5566 1356 5625; x_wconf 75' lang='lat' dir='ltr'><strong>ittnmtncrc</strong></span> <span class='ocrx_word' id='word_1_832' title='bbox 1376 5570 1416 5626; x_wconf 84' lang='lat' dir='ltr'><strong>iris</strong></span> <span class='ocrx_word' id='word_1_833' title='bbox 1429 5573 1473 5644; x_wconf 77' lang='lat' dir='ltr'><strong>qni</strong></span> <span class='ocrx_word' id='word_1_834' title='bbox 1490 5574 1518 5628; x_wconf 91' lang='lat' dir='ltr'><strong>in</strong></span> <span class='ocrx_word' id='word_1_835' title='bbox 1533 5573 1646 5630; x_wconf 83' lang='lat' dir='ltr'><strong>tenelris</strong></span> <span class='ocrx_word' id='word_1_836' title='bbox 1655 5584 1681 5631; x_wconf 83' lang='lat' dir='ltr'><strong>et</strong></span> <span class='ocrx_word' id='word_1_837' title='bbox 1691 5577 1719 5631; x_wconf 90' lang='lat' dir='ltr'><strong>in</strong></span> <span class='ocrx_word' id='word_1_838' title='bbox 1729 5576 1821 5630; x_wconf 81' lang='lat' dir='ltr'><strong>umbre</strong></span> <span class='ocrx_word' id='word_1_839' title='bbox 1835 5576 1932 5631; x_wconf 74' lang='lat' dir='ltr'><strong>nortis</strong></span> 
     </span>
     <span class='ocr_line' id='line_1_58' title="bbox 280 5648 1931 5738; baseline 0.012 -38"><span class='ocrx_word' id='word_1_840' title='bbox 280 5662 346 5701; x_wconf 81' lang='lat' dir='ltr'><strong>nnnc</strong></span> <span class='ocrx_word' id='word_1_841' title='bbox 356 5648 448 5702; x_wconf 80' lang='lat' dir='ltr'><strong>similis</strong></span> <span class='ocrx_word' id='word_1_842' title='bbox 462 5650 554 5721; x_wconf 67' lang='lat' dir='ltr'><strong>[ornum</strong></span> <span class='ocrx_word' id='word_1_843' title='bbox 573 5648 702 5722; x_wconf 77' lang='lat' dir='ltr'><strong>baptisma</strong></span> <span class='ocrx_word' id='word_1_844' title='bbox 716 5650 802 5706; x_wconf 84' lang='lat' dir='ltr'><strong>saluos</strong></span> <span class='ocrx_word' id='word_1_845' title='bbox 817 5651 895 5724; x_wconf 69' lang='lat' dir='ltr'><strong>fucit,</strong></span> <span class='ocrx_word' id='word_1_846' title='bbox 911 5667 964 5705; x_wconf 94' lang='lat' dir='ltr'><strong>non</strong></span> <span class='ocrx_word' id='word_1_847' title='bbox 984 5653 1073 5709; x_wconf 80' lang='lat' dir='ltr'><strong>curnis</strong></span> <span class='ocrx_word' id='word_1_848' title='bbox 1126 5657 1218 5712; x_wconf 80' lang='lat' dir='ltr'><strong>sedent</strong></span> <span class='ocrx_word' id='word_1_849' title='bbox 1232 5656 1310 5731; x_wconf 79' lang='lat' dir='ltr'><strong>(Luc.</strong></span> <span class='ocrx_word' id='word_1_850' title='bbox 1334 5675 1361 5730; x_wconf 84' lang='lat' dir='ltr'><strong>s,</strong></span> <span class='ocrx_word' id='word_1_851' title='bbox 1375 5659 1422 5731; x_wconf 83' lang='lat'><strong>78,</strong></span> <span class='ocrx_word' id='word_1_852' title='bbox 1434 5662 1497 5734; x_wconf 80' lang='grc'><strong>79).</strong></span> <span class='ocrx_word' id='word_1_853' title='bbox 1519 5663 1586 5720; x_wconf 82' lang='lat' dir='ltr'><strong>Natu</strong></span> <span class='ocrx_word' id='word_1_854' title='bbox 1607 5673 1636 5721; x_wconf 86' lang='lat' dir='ltr'><strong>et</strong></span> <span class='ocrx_word' id='word_1_855' title='bbox 1661 5665 1772 5723; x_wconf 66' lang='lat' dir='ltr'><strong>Maece</strong></span> <span class='ocrx_word' id='word_1_856' title='bbox 1795 5667 1931 5738; x_wconf 68' lang='lat' dir='ltr'><strong>prophete</strong></span> 
     </span>
     <span class='ocr_line' id='line_1_59' title="bbox 280 5734 1932 5818; baseline 0.011 -23"><span class='ocrx_word' id='word_1_857' title='bbox 280 5734 403 5809; x_wconf 76' lang='lat' dir='ltr'><strong>depositio</strong></span> <span class='ocrx_word' id='word_1_858' title='bbox 418 5740 543 5810; x_wconf 84' lang='lat' dir='ltr'><strong>sordium,</strong></span> <span class='ocrx_word' id='word_1_859' title='bbox 566 5742 612 5798; x_wconf 84' lang='lat' dir='ltr'><strong>sel</strong></span> <span class='ocrx_word' id='word_1_860' title='bbox 625 5744 791 5800; x_wconf 78' lang='lat' dir='ltr'><strong>conscientie</strong></span> <span class='ocrx_word' id='word_1_861' title='bbox 813 5742 888 5801; x_wconf 82' lang='lat' dir='ltr'><strong>lone</strong></span> <span class='ocrx_word' id='word_1_862' title='bbox 900 5744 1072 5818; x_wconf 78' lang='lat' dir='ltr'><strong>interrogatio</strong></span> <span class='ocrx_word' id='word_1_863' title='bbox 1125 5746 1228 5807; x_wconf 82' lang='lat' dir='ltr'><strong>Christi</strong></span> <span class='ocrx_word' id='word_1_864' title='bbox 1237 5752 1423 5813; x_wconf 87' lang='lat' dir='ltr'><strong>ascensionem</strong></span> <span class='ocrx_word' id='word_1_865' title='bbox 1437 5762 1465 5815; x_wconf 89' lang='lat' dir='ltr'><strong>et</strong></span> <span class='ocrx_word' id='word_1_866' title='bbox 1471 5756 1575 5815; x_wconf 89' lang='lat' dir='ltr'><strong>ordinis</strong></span> <span class='ocrx_word' id='word_1_867' title='bbox 1585 5757 1761 5817; x_wconf 82' lang='lat' dir='ltr'><strong>ecelesiastici</strong></span> <span class='ocrx_word' id='word_1_868' title='bbox 1772 5759 1932 5816; x_wconf 80' lang='lat' dir='ltr'><strong>ltrnrinrcn</strong></span> 
     </span>
    </p>
   </div>
   <div class='ocr_carea' id='block_1_16' title="bbox 317 5914 583 5985">
    <p class='ocr_par' dir='ltr' id='par_1_20' title="bbox 317 5914 583 5985">
     <span class='ocr_line' id='line_1_60' title="bbox 317 5914 583 5985; baseline -0.008 -11"><span class='ocrx_word' id='word_1_869' title='bbox 317 5914 402 5985; x_wconf 71' lang='lat' dir='ltr'><strong>lils,</strong></span> <span class='ocrx_word' id='word_1_870' title='bbox 416 5925 478 5972; x_wconf 87' lang='lat' dir='ltr'><strong>etnt</strong></span> <span class='ocrx_word' id='word_1_871' title='bbox 487 5914 583 5977; x_wconf 82' lang='lat' dir='ltr'><strong>dicum.</strong></span> 
     </span>
    </p>
   </div>
   <div class='ocr_carea' id='block_1_17' title="bbox 0 0 2036 6342">
    <p class='ocr_par' dir='ltr' id='par_1_21' title="bbox 0 0 2036 6342">
     <span class='ocr_line' id='line_1_61' title="bbox 0 0 2036 6342; baseline 0 0"><span class='ocrx_word' id='word_1_872' title='bbox 0 0 2036 6342; x_wconf 95' lang='lat' dir='ltr'><strong> </strong></span> 
     </span>
    </p>
   </div>
  </div>
 </body>
</html>
