4064 6344
1 381 2 388 ’
45 436 51 446 ,
123 379 176 441 tit
549 328 890 458 cunthasqnitobntt
908 378 1098 443 instiblbsl
1118 378 1218 443 tibuit
1236 379 1340 444 haus.
1716 391 1770 452 518

124 498 170 555 bei
182 505 246 554 anto
260 495 390 553 seculum
405 511 459 555 neu
473 495 555 553 habet
568 496 684 562 initium,
699 495 769 553 sicut
784 496 923 554 catamitos
937 504 962 563 Λ
976 499 1049 579 illam
1073 514 1128 555 non
1149 498 1283 555 dubitarit
1308 513 1432 555 asserere
1445 497 1651 571 blasphemiam,
1675 503 1775 564 dicens‘

122 588 183 658 ejus
195 594 258 659 pest
271 585 400 642 seculum
424 600 478 640 nen
495 585 577 647 babet
602 585 693 640 linem
704 584 751 641 Sic
766 596 857 642 autern
871 602 922 658 pro
972 588 1046 659 quod
1058 606 1085 644 re
1093 590 1242 645 aetianam
1251 591 1336 661 potnit
1345 589 1460 647 Trinitas
1466 608 1601 661 reparare,
1610 608 1691 659 main
1708 610 1771 651 ren·

122 693 246 754 tempere
266 678 357 734 loturo
366 685 476 758 pampus
490 678 657 748 praeteritum
671 690 785 746 peneus,
794 676 860 731 dicit
870 676 922 733 Sa·
971 690 1025 737 atat
1035 685 1142 738 omnino
1151 700 1204 738 non
1219 683 1311 737 diridi.
1324 681 1396 754 Erqo
1410 694 1463 738 tote
1479 683 1597 740 Trinitas
1606 702 1714 741 cornera
1726 699 1778 742 aa:

120 770 236 843 pientia,
248 764 375 823 beminis
386 768 481 822 cretati
495 783 546 837 me,
558 781 608 838 pro
618 782 652 822 eo
666 765 739 837 quttd
754 772 804 830 0³1,
816 772 923 820 credib-
968 775 1091 845 sumpsit,
1107 773 1292 830 totaTrr'nitet
1306 776 1458 847 passionarii
1481 775 1593 845 tinjurtra
1608 778 1699 843 sensit,
1716 778 1782 833 tctc'

1 851 16 881 ¹·
123 871 222 916 ruscst
235 873 297 923 iae;
309 858 384 914 etita
396 856 464 912 dicit
478 866 607 927 tanquam
622 854 723 913 lactum
745 853 819 923 qiiod
830 854 923 925 utiquc
973 863 1089 923 Taptia,
1101 867 1128 920 pi
1143 867 1263 936 ,epulcro
1272 865 1370 936 jamri,
1386 863 1567 921 poenalissima
1582 868 1770 938 mserum.
1796 911 1800 921 ,

122 962 183 1007 crat
209 948 359 1007 laciendum
381 968 389 1002 ι
414 950 484 1005 sicut
506 965 556 1021 per
577 949 687 1003 beatum
711 946 796 1001 David
821 946 920 1003 dlxii:
970 961 1160 1024 netrnetqtenv
1185 957 1300 1012 Trinitas
1313 960 1390 1012 tertio
1403 959 1446 1013 die
1464 961 1601 1013 amerinis
1614 961 1770 1026 resurrexit,

124 1041 366 1098 i'ederirritrneniis
394 1058 465 1097 meur
491 1050 516 1096 et
539 1040 615 1111 peiles
631 1056 724 1095 mter:
744 1039 923 1094 dinumerare·
970 1056 1026 1102 totu
1053 1046 1170 1103 Trinitas
1182 1048 1385 1119 quadrcqeaimo
1396 1049 1477 1103 dier'n
1492 1049 1716 1104 consecrante?
1729 1048 1771 1101 nd

119 1134 279 1190 remanentia
287 1149 348 1187 aare
362 1148 429 1186 meu.
447 1131 503 1202 ipsi
513 1148 572 1186 aere
586 1129 813 1184 coriaideraaeritnt
824 1138 850 1183 et
864 1145 923 1183 reit-
971 1141 1046 1210 cnjus
1059 1139 1195 1195 aeriarum
1208 1148 1265 1194 ruta
1278 1137 1395 1195 Trinitas
1404 1138 1488 1204 sedet,
1501 1140 1541 1193 aei
1553 1155 1628 1208 querit
1641 1138 1771 1207 Spiritum

118 1234 263 1297 apcsermt
280 1242 328 1279 me.
342 1223 492 1280 Diriaerunt
516 1222 565 1278 ribi
586 1224 740 1277 vestimento
761 1239 832 1288 ntea,
852 1232 876 1277 et
894 1224 922 1276 in
971 1230 1015 1284 die
1041 1228 1206 1284 Pentecosten
1232 1237 1286 1283 teta
1307 1227 1424 1284 Trinitas
1438 1230 1467 1284 in
1491 1228 1623 1299 cpmtoioi
1635 1230 1780 1295 miriacus

121 1318 301 1373 ιειιίιιιειιιιιιιι
310 1315 531 1369 meamniirerimt
542 1311 921 1384 sorren(t’rnt.xii,tt,ttt).
971 1322 1083 1377 eniDeo
1099 1333 1152 1377 tota
1181 1321 1299 1377 Trinitas
1311 1322 1339 1375 in
1352 1337 1428 1376 erare
1454 1319 1771 1390 discrepetnit,r1iera

122 1411 222 1465 ilicem
236 1410 335 1478 ltaque,
351 1408 479 1463 Deniiiivs
504 1408 599 1461 crearit
623 1422 674 1474 iae,
691 1408 811 1463 ostendit
827 1420 922 1476 quetu-
972 1414 1137 1477 nietallers
1150 1431 1232 1480 neor,
1247 1430 1381 1486 quaterne
1394 1414 1568 1486 melarini:
1585 1433 1595 1467 t
1612 1412 1771 1469 νθῑΰΰῑΡᾶ·

122 1500 269 1557 admodum
280 1498 362 1554 luerit
375 1499 472 1554 lactus.
488 1497 586 1554 biceos
599 1497 695 1567 etiarn,
712 1494 844 1553 Foderunt
860 1512 920 1550 aaa·
971 1507 1007 1561 tri
1021 1514 1076 1561 tota
1091 1505 1207 1561 Trinitas
1231 1507 1288 1560 cit:
1307 1524 1317 1558 i
1334 1505 1431 1571 Pater,
1446 1507 1474 1560 in
1497 1521 1591 1560 menna
1616 1514 1675 1560 turra
1697 1520 1770 1560 eem-

120 1607 172 1645 nire
185 1605 255 1644 arear
267 1598 293 1643 et
306 1587 384 1658 perles
398 1604 478 1651 meos,
490 1586 608 1642 ostendit
621 1586 849 1657 quemadmodum
862 1585 920 1641 lue·
972 1597 1065 1652 aalide
1079 1598 1200 1669 spiritum
1216 1613 1331 1662 aierem»
1348 1597 1371 1651 ri
1392 1605 1517 1664 possunt,
1531 1596 1645 1650 enicurt.
1659 1580 1734 1659 Quot
1746 1596 1771 1649 ai

120 1680 159 1735 rit
171 1674 325 1734 crucifixus.
341 1676 417 1732 Sicut
433 1685 524 1732 autem
544 1676 597 1733 hoc
617 1677 709 1748 utique
721 1675 839 1731 suturam
851 1684 920 1739 etth
972 1690 1058 1745 dicere
1071 1698 1208 1762 nequeant,
1220 1689 1271 1760 t'pii
1285 1705 1313 1743 ac
1325 1689 1440 1759 propriis
1449 1689 1549 1760 jocalis
1571 1688 1712 1759 perdurat,
1727 1689 1770 1759 qai

119 1772 197 1840 quod
212 1778 340 1840 tanquam
355 1768 455 1825 lactum
481 1768 514 1825 ilc
538 1785 587 1825 sua
611 1770 738 1839 passione
763 1784 813 1839 per
836 1768 921 1824 David
974 1777 1128 1833 Trinitatem
1137 1778 1408 1851 inseperabiirmeare
1421 1779 1589 1834 secundant.

122 1861 270 1919 berrillos
293 1860 407 1928 cecinit;
422 1861 460 1916 ita
474 1860 592 1917 futurum
614 1870 674 1917 erat
699 1863 772 1931 quod
794 1870 960 1936 tauquamp
1289 1888 1404 1946 qqpup
1423 1888 1458 1945 x,

122 1957 225 2011 lactum
237 1954 271 2010 de
284 1969 332 2010 sua
348 1953 534 2009 incarnatione
556 1968 604 2024 per
622 1952 794 2009 Salomonem
809 1953 866 2022 ipse
875 1954 922 2024 qni

120 2055 166 2103 est
187 2044 237 2102 bei
264 2044 397 2115 sapientia
423 2044 606 2115 prophetavit.
622 2043 689 2098 Nam
714 2043 771 2113 ipse
793 2042 923 2100 Salomon

119 2143 207 2216 paulo
225 2143 299 2213 prius
313 2141 351 2197 ait
366 2158 374 2194 i
390 2139 527 2211 Sapientia
546 2138 685 2210 edificavit
706 2139 757 2193 sibi
771 2138 923 2206 demumst

119 2234 241 2289 subdidit
262 2233 397 2288 celeninae
413 2240 511 2303 septem
526 2230 617 2303 (Pron.
633 2246 670 2297 ix,
683 2229 721 2300 l),
732 2230 805 2300 quod
827 2230 861 2285 ad
880 2232 924 2286 iii·

119 2326 290 2383 carnationis
301 2322 449 2382 hominicm
460 2323 577 2394 pertinet
590 2331 691 2378 orlani.
705 2322 801 2379 Esaias
813 2337 923 2394 quoque

120 2419 156 2470 de
165 2414 269 2471 Christi
280 2415 407 2486 passione
415 2413 535 2483 loquitur
547 2415 597 2477 sic,
605 2412 713 2484 utquod
728 2411 846 2467 loturum
859 2428 924 2483 pro·

1009 2002 1146 2060 hacteuus
1160 2002 1188 2058 in
1209 2002 1255 2058 illo
1270 2001 1384 2073 prosam
1398 2017 1524 2058 sermone
1537 2008 1634 2059 contra
1653 2000 1770 2059 catholi-

973 2109 1033 2149 cam
1045 2094 1126 2150 tidem
1137 2092 1279 2150 Fastidiosi
1293 2094 1377 2149 rerba
1391 2093 1547 2149 tenduntur.
1563 2092 1593 2148 hi
1602 2108 1658 2163 quo
1669 2100 1770 2160 tamen,

974 2183 1095 2255 exceptis
1108 2183 1151 2239 bis
1166 2199 1224 2253 qum
1238 2185 1265 2239 in
1289 2191 1389 2241 sancta
1416 2182 1557 2239 Trinitatis
1581 2185 1772 2241 coutumeliam

974 2275 1181 2346 blasphemavit,
1196 2289 1266 2346 pene
1291 2274 1397 2341 omnia,
1420 2276 1479 2330 sive
1501 2274 1696 2344 praecedentia,
1712 2276 1770 2330 sire

974 2366 1178 2435 subsequentia,
1193 2365 1228 2421 dc
1241 2364 1447 2421 aliorumdictis
1461 2362 1642 2434 nequissimus
1657 2378 1771 2434 usurpa-

484 2503 489 2516 .
580 2504 586 2516 .
765 2505 771 2516 .
832 2504 862 2516 ..
975 2457 1024 2511 vit.
1041 2456 1162 2528 Denique
1183 2455 1273 2511 onmia
1288 2453 1770 2525 quieadversusbonatistasposcit,

121 2508 220 2578 phem
235 2514 360 2575 mquam
382 2512 550 2574 mentum
561 2504 643 2559 ‘hcm'
655 2503 715 2573 ¹⁹⁵⁰
728 2518 799 2558 emm
811 2504 877 2561 Μ
890 2505 925 2560 ¹¹⁰
976 2548 1010 2603 de
1020 2547 1179 2619 quibusdam
1196 2547 1301 2603 duabus
1314 2546 1437 2617 epistolis
1448 2545 1551 2600 iuratos
1564 2555 1616 2609 est,
1631 2544 1772 2614 inquibus

118 2592 402 2651 Christozsirattoris
416 2592 452 2646 eei
463 2593 652 2648 immolandum
666 2593 757 2648 ditetita
771 2601 820 2659 eat,
834 2604 924 2649 etrie-
1166 2639 1172 2650 .
1468 2636 1474 2648 .
1693 2636 1698 2647 .
1745 2635 1752 2645 .

138 2694 191 2739 te
229 2702 245 2739 ir
274 2700 362 2739 rorant
379 2683 502 2739 tondente
515 2684 569 2738 aine
579 2699 640 2738 rece
662 2684 700 2739 sie
713 2699 796 2738 nona
859 2684 924 2739 iter
975 2647 1070 2694 mmm
1084 2637 1243 2739 pelagfafws
1270 2645 1353 2738 “Q
1375 2635 1608 2738 ὓοῃᾶῑιδψυω
1635 2635 1714 2690 n⁰b¹⁵
1742 2651 1774 2736 ,ιη

118 2701 137 2740 ⁸
192 2702 260 2758 μ’
641 2721 650 2747 ’
797 2700 858 2747 ”m
988 2730 1083 2786 cnsilio
1098 2729 1227 2784 Sardiniae
1243 2734 1397 2783 constitutis
1418 2726 1452 2782 ad
1472 2727 1625 2795 religiosam
1647 2723 1774 2781 Ecclesiae

118 2793 200 2832 ’Μ’
217 2774 298 2847 (1ἀῇ
313 2788 368 2839 Μ’
392 2773 430 2844 η’
457 2771 534 2877 ΝΨ.
552 2782 580 2829 οι
607 2772 693 2876 ipsam
719 2770 854 2842 unigeniti
877 2772 925 2828 Μ
977 2823 1059 2879 titiam
1070 2821 1246 2894 Stephanium
1261 2829 1333 2876 esset
1350 2819 1385 2875 ab
1407 2818 1533 2875 omnihus
1556 2816 1771 2879 rescribendum,

125 2865 281 2923 secundnm
293 2879 402 2921 earnem
416 2863 452 2920 de
462 2863 572 2934 Virgine
585 2872 765 2929 nativitatem,
774 2867 927 2921 noosolum
977 2915 1036 2987 ipso
1049 2928 1162 2985 prmus
1188 2910 1334 2967 verborum
1348 2908 1444 2964 ⁰,de
1455 2922 1511 2975 quo
1522 2907 1567 2962 pp,
1582 2906 1653 2961 idem
1665 2905 1775 2974 „equis-

119 2956 271 3029 aliqiaando
292 2963 420 3025 tanquam
446 2955 562 3011 loturam
577 2956 707 3027 prodicit,
720 2958 768 3014 sed
781 2958 925 3029 aliquando
994 3009 998 3017 ,
1403 3002 1409 3014 .
1591 3000 1597 3011 ο
1638 2999 1645 3011 .
1720 2998 1726 3010 ι

118 3055 255 3116 Qum
265 3046 428 3117 mimum
439 3044 513 3101 ,13ch
527 3045 647 3116 Denique
658 3048 776 3118 quodam
790 3049 852 3105 ¹000
861 3049 900 3105 aa
916 3068 923 3103 :
977 3023 1062 3112 simias
1076 3004 1262 3061 fraudulenter
1273 3003 1447 3108 subitonunc
1457 3017 1506 3057 suc
1521 3006 1622 3105 posuit,
1638 3012 1777 3104 invenimi-

102 3135 193 3203 ,Eece
207 3136 281 3208 sirpe
293 3135 321 3191 in
334 3142 408 3191 ittera
420 3135 534 3204 lieiebit,
549 3145 575 3189 rt
588 3137 671 3207 pariet
685 3138 770 3208 fitium
785 3138 922 3209 (lanivii,
978 3110 1021 3156 ΜΓ
1035 3106 1146 3155 'mena‘
1159 3096 1196 3153 υἱ
1210 3106 1300 3152 ‘'⁰²⁰¹''
1312 3095 1361 3151 ²¹b¹
1376 3110 1430 3150 '¹⁰¹¹
1440 3094 1548 3149 dem*
1561 3107 1600 3148 '0¹
1614 3091 1694 3162 '¹¹³⁰‘
1703 3105 1777 3161 ²8⁰¹·

120 3226 180 3298 ti).
199 3226 261 3281 alto
274 3227 340 3282 item
359 3227 420 3282 ioco
447 3232 574 3296 tanquam
596 3226 696 3282 iactum
710 3238 791 3298 atque
807 3237 926 3287 trausac-
941 3243 963 3304 (ζ
979 3192 1028 3297 ‘if”
1046 3190 1135 3295 ’ωε
1148 3189 1279 3292 {mmm
1292 3200 1360 3289 ‘¹⁰²5
1373 3183 1408 3240 ad
1423 3199 1475 3277 ¹3⁰⁸
1488 3189 1640 3286 msmm
1659 3180 1776 3307 sfeplmss

117 3327 182 3373 ,um
192 3317 332 3374 insinuans
345 3319 383 3373 αἱ(
399 3335 406 3372 :
420 3317 491 3373 pm
504 3328 581 3373 mum
591 3330 629 3374 m
643 3319 731 3387 nobis,
746 3331 771 3376 a
785 3323 856 3393 mm
869 3324 919 3379 αα·
979 3300 1023 3340 nia
1038 3283 1192 3346 destinavit,
1204 3288 1233 3335 et
1243 3294 1312 3348 quas
1334 3292 1360 3332 ει
1373 3290 1425 3332 iios
1438 3287 1635 3344 rescripsimus,
1648 3272 1711 3327 huic
1723 3286 1777 3329 ,eci

119 3417 164 3464 tar
174 3414 219 3465 eat
230 3406 305 3497 notia
317 3406 396 3477 (lici.
409 3422 447 3473 ii,
463 3406 502 3480 ii).
516 3405 583 3474 Quis
600 3420 665 3476 crgo
690 3425 743 3463 uon
756 3409 847 3465 uideat
860 3411 926 3468 illud

118 3506 214 3556 tetum
224 3498 297 3571 quod
310 3499 344 3556 de
357 3499 525 3555 humanitate
539 3509 568 3555 et
580 3501 707 3571 passione
723 3498 862 3572 Unigeniti
876 3502 925 3559 bei

123 3590 236 3647 dietum
249 3596 291 3645 est
301 3604 351 3662 pcr
362 3590 519 3661 propbetas,
532 3587 629 3646 eodem
642 3597 765 3661 tempore
787 3591 828 3646 sic
842 3589 925 3647 inisse

977 3376 1108 3449 opusculo
1119 3372 1225 3442 subjici.
1242 3370 1279 3426 Ut
1289 3382 1422 3441 agnoscas
1433 3368 1461 3423 in
1475 3366 1521 3422 illo
1535 3378 1660 3421 sannone
1670 3377 1703 3417 en
1719 3369 1777 3416 tan·

977 3477 1035 3523 tum
1048 3465 1130 3520 luisse
1140 3460 1294 3528 Fastidiosi,
1305 3458 1402 3530 quibus
1415 3456 1443 3512 iu
1455 3455 1539 3527 ipsius
1549 3461 1649 3509 sancini
1659 3451 1775 3507 Trinita-

977 3558 1012 3614 tis
1031 3554 1158 3626 injuriam
1172 3567 1245 3609 cccco
1259 3551 1341 3607 corde
1354 3546 1499 3619 pmsilicns
1511 3544 1671 3601 catholicam
1684 3556 1774 3613 oppa-

728 3683 842 3738 veppape
856 3699 927 3755 pm,
977 3662 1063 3718 snare
1076 3641 1409 3704 conatusestveritatem.
1457 3676 1469 3689 .

93 3686 99 3701 ⁸
123 3683 153 3739 io
168 3680 290 3739 ventare
303 3683 434 3749 loturum,
445 3681 515 3738 sicut
531 3696 603 3738 nuuc
615 3689 658 3738 est
678 3682 705 3737 in

118 3768 925 3837 teritumddesteiidcndavnvcroincommutabilitatcmdi·
971 3782 973 3785 ·
1238 3751 1320 3826 350
1337 3746 1453 3805 CAPUT
1471 3746 1518 3803 xl·

117 3863 180 3920 vini
193 3850 311 3928 consilii,
327 3861 426 3919 lactum
437 3870 479 3918 est
493 3872 524 3918 ut
537 3862 693 3933 prophetica
713 3861 851 3934 Scriptura
865 3870 926 3919 tan-
1012 3858 1089 3916 Nunc
1102 3859 1193 3931 itaque
1208 3854 1382 3927 blasphemiis
1393 3853 1462 3924 cius,
1487 3850 1602 3910 homino
1612 3850 1770 3922 adjuvante,

117 3971 210 4029 quani
224 3955 391 4026 pratariam
408 3955 444 4010 sit
459 3954 561 4012 diceret
576 3957 603 4011 iii
616 3971 742 4013 sermone
755 3956 830 4026 quod
854 3956 926 4013 iutu-
977 3953 1140 4025 respondeo.
1155 3949 1215 4007 Non
1230 3957 1287 4005 tota
1302 3946 1420 4003 Trinitas
1430 3960 1540 4002 carnem
1554 3944 1708 4016 assumpsit,
1723 3958 1777 4000 iicc

118 4064 185 4105 rum
198 4046 529 4120 exspectabaturslaeiu
542 4062 635 4119 opere.
651 4048 812 4117 hcuscnim,
822 4048 857 4105 de
870 4066 925 4121 quo
977 4054 1034 4100 tota
1049 4043 1167 4099 Trinitas
1177 4032 1338 4112 passionum
1364 4037 1476 4108 injurias
1489 4037 1589 4103 sensit,
1607 4050 1694 4105 neque
1717 4042 1776 4090 tota

118 4137 250 4197 hteditn
262 4136 405 4209 propheta,
420 4135 471 4202 Qut
497 4139 558 4210 serit
580 4154 638 4210 pere
652 4139 739 4210 [utura
760 4148 821 4193 iniit
846 4137 924 4212 (lani.
978 4138 1096 4194 Trinitas
1110 4137 1138 4192 iu
1162 4135 1286 4206 sepulcro
1307 4132 1506 4203 jaculansque
1523 4138 1582 4186 tota
1597 4128 1717 4184 Trinitas
1730 4127 1775 4183 in·

120 4244 192 4297 xcv,
210 4227 257 4292 li,
271 4242 324 4281 ree.
335 4224 432 4297 tan),
451 4226 512 4283 ideo
526 4242 586 4298 qaae
600 4225 722 4283 facienda
736 4226 852 4296 lucrant,
864 4238 925 4284 tau·
977 4232 1082 4287 ternum
1097 4231 1259 4302 penetravit,
1282 4242 1371 4299 neque
1385 4235 1442 4282 tota
1467 4224 1586 4281 Trinitas
1606 4223 1687 4281 tertio
1700 4220 1744 4277 die
1758 4237 1775 4276 a

116 4333 212 4390 qnam
241 4316 313 4372 iacta
338 4332 448 4373 narrare
469 4316 565 4381 v'oluit,
580 4316 645 4385 quia
669 4331 730 4387 quac
754 4318 781 4372 iu
803 4324 926 4390 ternpore
978 4323 1092 4378 mortuis
1105 4321 1264 4387 resurrexit,
1279 4319 1344 4377 etsi
1357 4333 1410 4388 qua
1434 4324 1497 4373 siiut
1520 4317 1571 4371 alia
1586 4331 1646 4386 quic
1661 4313 1774 4372 conubi-

119 4406 297 4462 naotabiliter
316 4403 393 4473 tuni,
409 4406 623 4463 incommutabili
637 4406 822 4477 dispositionis
844 4419 927 4466 aeter·
978 4420 1076 4470 cantur
1089 4413 1115 4468 iii
1128 4421 1299 4469 sacramento
1313 4412 1359 4467 illo
1379 4409 1573 4467 incarnationis
1586 4409 1620 4464 ad
1633 4407 1716 4463 solius
1729 4404 1746 4461 i
1751 4406 1775 4460 i·

118 4502 216 4555 nitatc
233 4496 358 4552 bimaris.
373 4496 467 4567 ltaque
492 4507 520 4552 et
543 4497 585 4552 his
605 4497 743 4566 inquibus
759 4498 873 4554 necdum
884 4508 927 4557 est
978 4505 1007 4559 lii
1021 4504 1158 4574 pertinere
1172 4518 1325 4576 personam.
1340 4502 1404 4559 ilaec
1418 4503 1490 4558 euim
1504 4516 1565 4572 quae
1575 4498 1772 4557 catholicam·

118 4591 351 4663 effecimbetiss
365 4590 441 4646 firma
460 4597 602 4662 permanet
621 4589 648 4643 iu
671 4589 823 4645 eternitate
836 4589 928 4660 dispo·
941 4605 968 4666 1)
979 4594 1053 4650 ritati
1068 4593 1238 4651 Fastidiosus
1251 4594 1331 4664 plcua
1354 4592 1478 4649 salsitatis
1488 4601 1516 4648 et
1528 4588 1713 4663 perversitatis
1725 4588 1776 4644 ob·

118 4686 189 4741 sitio
220 4682 362 4739 creatoris.
383 4680 429 4738 Sic
451 4695 517 4751 erqo
540 4681 588 4737 bci
612 4681 695 4737 Filios
717 4697 778 4737 cirin
793 4697 843 4738 suo
857 4690 929 4739 esset
976 4683 1052 4753 jecit,
1069 4683 1185 4739 nonnisi
1204 4682 1373 4749 Sabellianis‚
1386 4684 1411 4737 id
1426 4690 1468 4738 est
1484 4679 1689 4752 patripassianis
1709 4693 1773 4747 pos·

118 4788 215 4848 opere
237 4773 380 4841 creandus,
396 4787 427 4829 se
448 4772 518 4829 dixit
530 4773 742 4840 creatum,siciit
767 4769 929 4843 erucihqeu·
980 4782 1046 4829 sunt
1067 4774 1203 4831 veraciter
1216 4773 1309 4844 objici,
1325 4773 1351 4829 in
1365 4774 1464 4844 quihus
1476 4787 1571 4828 revera
1595 4771 1633 4826 iili
1653 4768 1776 4827 conclusi

117 4870 173 4923 dos
189 4880 248 4922 rioii
259 4879 290 4921 se
302 4863 434 4919 dubitavit
447 4863 538 4920 dicere
551 4862 719 4919 crucissxuin.
980 4873 1062 4936 atque
1076 4865 1192 4922 conuicti
1206 4864 1346 4932 deliciunt,
1360 4866 1406 4936 qui
1421 4872 1521 4921 saoctae
1543 4861 1694 4925 Trinitatis,
1704 4861 1775 4917 sicut

980 4973 1062 5012 onam
1076 4965 1211 5023 naturam,
1225 4957 1264 5013 sic
1275 4972 1355 5013 nnaui
1382 4969 1526 5029 porsonam
1541 4951 1687 5025 praedicare
1705 4966 1774 5008 cori·

440 5022 555 5125 CAPUT
572 5022 619 5080 lx·
981 5049 1106 5104 tendunt.
1122 5046 1233 5105 Uhieos
1255 5063 1303 5104 sua
1325 5047 1489 5121 perversitas
1513 5054 1712 5115 cousequenter
1739 5042 1774 5098 td

158 5141 264 5199 Adbuc
274 5147 364 5198 autem
387 5140 469 5198 eorde
487 5153 616 5211 perverso
638 5147 720 5210 atquc
737 5154 785 5197 ore
798 5142 930 5212 sacrilego
980 5140 1051 5198 hanc
1065 5140 1257 5198 absurditatem
1270 5140 1431 5212 praecipitat,
1443 5149 1471 5195 ui
1483 5138 1651 5195 nativitatem
1662 5134 1770 5208 quidem

117 5235 302 5295 Fastidiosirs
312 5234 450 5291 insaniens
463 5249 497 5291 ex
509 5234 562 5292 boc
571 5233 658 5291 voluit
667 5247 789 5289 asserere
803 5232 899 5289 Filium
913 5250 930 5290 a
981 5232 1101 5289 divinam
1112 5231 1398 5299 nullateiiuscredant3
1413 5240 1536 5287 naturam
1549 5245 1613 5285 vcro
1627 5227 1775 5284 secundnm

120 5330 255 5385 Patreet
265 5326 368 5399 Spiritu
378 5334 473 5384 sancto
486 5334 652 5398 separatam,
676 5338 740 5394 quia
760 5323 848 5381 selum
865 5340 931 5381 cou·
981 5340 1102 5394 carnem,
1113 5325 1287 5382 nibilominus
1294 5325 1446 5395 passionem
1458 5341 1491 5381 ac
1500 5331 1627 5392 mortem,
1640 5335 1776 5378 resurree-

123 5428 190 5476 stat
207 5417 357 5474 thalamum
371 5417 442 5473 uteri
456 5415 595 5486 virginalis
609 5416 771 5487 ingressum.
784 5412 823 5470 De
837 5430 891 5485 quc
903 5415 931 5472 iii
983 5418 1083 5474 tionem
1106 5434 1214 5490 qnoque
1228 5417 1262 5473 ab
1276 5416 1379 5484 inieris,
1390 5425 1419 5474 et
1429 5417 1615 5473 ascensionem
1627 5430 1653 5469 iu
1665 5412 1773 5474 coehmi.

120 5510 203 5567 libro
218 5506 387 5564 Psalmorum
411 5507 530 5565 dicitur:
547 5506 582 5562 Et
595 5508 651 5578 ipre
673 5517 797 5581 tanquam
819 5525 930 5580 anenata
983 5513 1115 5570 etonrnia
1130 5514 1174 5570 illa
1200 5530 1260 5587 qurc
1285 5515 1312 5571 iii
1338 5522 1510 5572 sacramento
1534 5509 1777 5570 iucamationisad

80 5598 85 5605 ’
116 5597 326 5674 procederem
349 5600 465 5655 thalamo
487 5616 535 5655 siro
556 5600 642 5673 (Prot.
668 5616 742 5673 aurii,
757 5600 797 5673 6).
811 5601 929 5674 Cupiens
983 5621 1128 5677 personam
1144 5606 1223 5665 nnius
1238 5607 1296 5664 Filii
1322 5607 1468 5678 pertinent,
1485 5603 1559 5661 Patri
1576 5590 1778 5674 cousequenter

118 5689 232 5747 deinde
256 5688 442 5760 perrcrsitatis
455 5704 511 5745 sure
525 5689 635 5747 tlrmarc
656 5692 829 5765 seutentiam,
845 5695 928 5751 etiam
983 5698 1129 5769 assignent.
1140 5682 1350 5758 Catliollravcro
1360 5698 1481 5756 Ecclesia
1494 5697 1622 5755 divinitus
1635 5693 1775 5766 inspirata,

160 5873 172 5896 ⁰
186 5866 319 5940 Egistolic
333 5869 391 5925 istm
405 5884 459 5926 uon
474 5877 593 5926 eastaiit.
