4056 6356
260 372 312 432 sor
784 352 813 411 s.
828 345 1010 439 russeum
1029 333 1183 435 eruceri
1201 342 1388 403 nusrsusrs
1849 343 1900 404 m

261 484 363 556 augetis
375 481 484 557 quidem
498 480 550 537 hoc
564 472 696 547 disposuit
709 475 738 526 et
752 469 894 538 imptevrt,
913 472 943 520 ut
956 480 980 519 si
992 466 1055 535 quis
1068 467 1095 523 Α
1107 467 1215 516 catores
1229 459 1362 529 angelos,
1385 464 1414 514 et
1428 456 1462 512 ad
1471 453 1632 527 iudicandos
1644 453 1769 514 homines
1780 454 1858 514 viros
1875 467 1902 517 et

261 596 355 638 curum
367 576 516 633 bonitatem
528 566 674 626 voluntatis
688 560 825 634 perderet,
841 570 977 627 nunquam
989 569 1053 613 ¹eatan
1071 626 1074 631 .
1103 558 1226 609 mortuos
1239 550 1357 607 fideliter
1367 558 1567 621 exspectamus.
1584 548 1709 606 Testatur
1722 550 1795 606 enim
1808 552 1916 629 beatus

169 736 173 741 ⁴
259 671 351 726 divino
366 672 504 722 munere·
519 665 668 730 repararet.
1105 638 1202 696 Petrus
1218 640 1281 711 quia
1301 639 1373 695 Deus
1396 639 1498 709 angelis
1514 639 1687 710 peccantibus
1704 653 1758 695 non
1774 642 1901 713 pepercit,

284 759 339 835 gp,
360 758 425 813 piri
447 754 539 821 imque
558 747 715 817 angelorum
739 757 800 816 quae
821 756 838 798 a
857 754 907 796 sun
930 745 1054 794 creatore
1104 730 1153 788 sed
1168 728 1326 787 carceribus
1334 728 1456 798 caliginis
1470 726 1736 794 internidetrudens,
1753 729 1862 785 tradidit
1874 732 1903 787 in

259 853 327 917 deo,
342 863 396 918 quo
409 844 468 902 sole
482 843 555 898 bunc
569 840 647 896 beata
662 836 714 895 tuit
729 834 760 901 ¹³,
776 829 927 913 uoluntaria
942 840 1054 902 prorsus
1103 823 1206 895 iudicio
1219 822 1371 894 puniendos
1383 821 1517 877 reservari
1532 818 1577 892 (ti
1588 818 1662 876 Petr.
1678 820 1755 893 trit).
1765 820 1803 877 lie
1814 820 1903 877 bonai.

260 940 401 1003 eversione
409 918 559 1002 'rliscessim
579 928 715 1003 aequitatis
729 940 854 998 superum
863 922 985 993 judicio,
1003 919 1056 975 ini·
1106 918 1186 974 nisus
1199 930 1307 988 quoque
1319 914 1387 972 vivis
1400 929 1432 970 ac
1445 913 1559 970 mortuis
1570 913 1721 984 judicandis
1733 914 1828 971 beatus
1838 913 1905 970 Pau-

256 1034 327 1090 tium
342 1043 396 1086 suae
415 1023 597 1083 damnationis
620 1022 648 1077 iu
672 1020 730 1091 ipsa
754 1017 896 1073 aversione
908 1012 1055 1069 voluntatis
1107 1008 1150 1064 lus
1162 1008 1216 1064 hoe
1229 1006 1268 1063 ait
1281 1024 1288 1061 t
1302 1006 1440 1077 Testifieor
1454 1021 1543 1061 eoram
1555 1003 1612 1061 Deo
1625 1014 1651 1060 et
1661 1003 1766 1061 clinem
1779 1004 1852 1071 tem,
1862 1007 1906 1077 qui

258 1124 363 1183 invenit
378 1141 386 1177 ι
401 1130 431 1177 ut
445 1134 500 1176 non
514 1115 585 1173 aiud
602 1114 628 1171 ei
648 1098 722 1170 esset
735 1111 856 1181 incipere
875 1107 932 1178 iam
954 1105 1054 1178 puniri,
1104 1102 1270 1176 judicaturus
1292 1112 1333 1157 eat
1355 1102 1424 1158 uiuos
1445 1108 1470 1155 et
1488 1109 1624 1166 mortuos,
1644 1109 1729 1173 etper
1744 1100 1906 1155 eadmerum

258 1231 342 1290 quam
355 1214 426 1271 illius
438 1209 558 1268 beatilici
572 1206 637 1264 boni
651 1204 797 1261 dilectione
817 1199 949 1265 destitui;
974 1212 1056 1268 quam
1107 1195 1229 1267 ipsimet
1250 1209 1357 1266 repnum
1375 1192 1432 1263 eius
1452 1188 1499 1262 (ii
1511 1189 1578 1244 Tim.
1594 1205 1630 1255 ru,
1644 1188 1681 1260 l).
1706 1188 1735 1244 ln
1759 1187 1837 1258 eujus
1859 1185 1908 1243 ad·

258 1309 333 1367 licus
344 1308 371 1364 in
385 1314 487 1362 aeterno
501 1303 541 1358 sie
554 1307 640 1356 totam
653 1294 784 1369 precepit
798 1304 938 1349 remanere
951 1287 1056 1360 suppti—
1108 1292 1191 1341 ventu
1205 1284 1239 1340 ab
1260 1284 1306 1339 ilio
1318 1282 1398 1361 primi
1412 1281 1528 1363 treminis
1544 1295 1659 1353 corpore
1670 1281 1743 1352 quod
1752 1281 1804 1347 iot.
1815 1279 1908 1353 quem)

259 1403 319 1470 cio,
335 1399 460 1456 uterium
474 1397 563 1466 ignem
576 1393 603 1449 ei
615 1399 747 1448 aeternum
761 1392 870 1459 pararet
885 1403 892 1438 ι
907 1384 1003 1454 inquo
1017 1379 1057 1435 ilii
1109 1372 1224 1433 Deuade
1235 1381 1308 1430 terra
1321 1372 1475 1444 plasmavit,
1485 1386 1571 1442 usque
1584 1370 1619 1426 ad
1632 1370 1752 1426 omnium
1767 1369 1908 1425 bominum

260 1507 357 1552 omues
384 1488 606 1561 prevaricatores
633 1483 722 1553 angeli
745 1495 795 1538 nec
821 1477 893 1535 mala
917 1476 1074 1555 voluntate⁴
1110 1464 1326 1537 corpora,‘gum
1344 1463 1463 1518 animata
1478 1460 1641 1532 quandoque
1654 1460 1908 1541 viverecaeperunt,

259 1584 368 1661 possint
380 1595 497 1652 unquam
511 1592 620 1642 carere,
634 1589 686 1631 uec
697 1587 798 1645 poena;
822 1568 871 1626 sed
882 1572 1059 1640 permansurae
1111 1554 1147 1610 ab
1158 1553 1206 1610 illo
1219 1551 1467 1616 resuscitabuntur,
1487 1567 1570 1623 aque
1584 1558 1715 1621 operante
1726 1558 1819 1607 creata
1833 1559 1907 1607 surm

260 1676 290 1747 iu
312 1675 352 1730 eis
377 1673 483 1743 iniuste
505 1666 655 1739 aversionis
677 1663 769 1730 malo,
793 1667 953 1735 permaneat
975 1656 1059 1713 etiam
1112 1647 1223 1719 Singula
1235 1662 1303 1704 vero
1317 1660 1433 1718 corpora
1447 1645 1499 1701 illis
1522 1644 1634 1714 siugulis
1650 1645 1706 1701 suis
1719 1643 1861 1700 animabus
1882 1643 1911 1719 in

260 1765 341 1839 inette
350 1761 533 1821 retributionis
542 1767 643 1815 aeterna
652 1754 801 1812 damnatio.
813 1751 917 1807 Horum
925 1747 1059 1803 malorum
1112 1739 1310 1795 resurrectione
1325 1735 1488 1801 reddentur,
1500 1749 1567 1807 quas
1578 1733 1605 1789 in
1620 1733 1766 1801 maternis,
1778 1742 1809 1787 ut
1818 1732 1912 1790 virere

260 1860 390 1933 princeps
403 1854 527 1911 diabolus
541 1851 644 1924 primos
657 1848 800 1909 homines,
824 1857 893 1914 quos
907 1841 940 1897 ad
955 1837 1061 1911 peccati
1076 1849 1101 1912 B
1114 1828 1284 1900 inciperent,
1302 1825 1441 1913 ventribus
1457 1825 1561 1882 babere
1579 1831 1720 1895 coeperunt
1739 1842 1745 1877 :
1761 1831 1792 1878 ut
1808 1822 1912 1879 scilieet

261 1948 443 2024 praecipitium
458 1956 470 1985 θ
485 1943 591 1999 invidus
604 1940 697 2004 duxit,
713 1952 768 1993 non
782 1936 822 1992 eis
836 1941 955 1999 tantum,
971 1929 1019 1987 sed
1033 1937 1062 1984 et
1116 1922 1214 1978 animae
1226 1921 1253 1977 in
1265 1918 1312 1977 iilo
1324 1920 1448 1976 examine
1459 1918 1526 1989 justi
1540 1917 1641 1974 iudicis
1652 1917 1679 1973 iu
1689 1916 1790 1973 eisdem
1799 1915 1913 1986 singulis

262 2042 398 2099 universae
408 2036 550 2110 propagini
560 2047 654 2089 eorum
668 2046 730 2087 cum
741 2029 808 2084 vitio
822 2025 926 2099 peceati
936 2023 1062 2080 meritum
1115 2010 1275 2083 cerporibus
1294 2009 1350 2065 suis
1362 2009 1504 2085 ¹accipiant
1523 2006 1738 2073 retributionem,
1753 2006 1810 2064 sive
1824 2006 1913 2078 regui,

263 2132 361 2189 mortis
385 2127 507 2186 inseruit.
532 2125 602 2180 lleus
627 2128 719 2177 autem
742 2118 895 2174 misericors
916 2122 944 2170 et
963 2113 1061 2183 justus,
1114 2100 1172 2157 tlte
1182 2098 1319 2171 supplicii,
1332 2098 1358 2154 in
1370 2098 1468 2169 quibus
1477 2097 1535 2154 sive
1544 2098 1725 2163 nommetur
1736 2098 1837 2154 malam
1849 2112 1914 2169 qua·

264 2225 336 2283 sicut
348 2220 458 2280 diabolo
472 2226 501 2275 et
517 2216 620 2286 angelis
641 2212 699 2284 ejus
712 2211 822 2283 propria
836 2206 994 2265 cadentibus
1013 2219 1063 2259 vo·
1115 2195 1219 2250 litatem
1230 2193 1293 2249 vitm
1308 2192 1450 2265 presentis
1461 2190 1623 2246 babuerunt.

264 2315 379 2379 luntate,
392 2318 505 2368 caeteros
518 2288 630 2375 angelos
644 2305 670 2359 in
683 2318 739 2358 suoe
749 2299 901 2356 dilectionis
912 2295 1065 2353 aeternitate
1153 2285 1197 2341 dt.
1216 2284 1296 2357 Oripo
1311 2286 1371 2341 uite
1385 2283 1472 2339 mule.
1486 2282 1653 2351 -Qualitas
1663 2290 1753 2338 animm
1764 2280 1844 2338 make
1854 2283 1915 2339 vita

267 2403 401 2470 firmavit,
417 2402 457 2457 sic
471 2399 554 2456 etiam
573 2394 684 2451 humani
701 2392 809 2462 generis
825 2404 942 2445 massam
957 2401 1011 2442 nou
1025 2392 1066 2440 te
1115 2378 1150 2434 ab
1161 2376 1316 2433 intidclitate
1329 2376 1433 2447 incipit,
1448 2390 1508 2447 quse
1518 2375 1552 2431 ab
1566 2374 1704 2444 originalis
1720 2374 1825 2445 peccati
1837 2381 1916 2430 reatu

265 2506 323 2555 tam
347 2497 373 2551 in
387 2492 581 2562 sempiternum
595 2485 685 2558 perire
697 2482 830 2556 permisit,
844 2478 891 2536 sed
905 2493 974 2549 quos
987 2473 1002 2514 ἅ
1017 2490 1065 2531 vu·
1116 2468 1222 2525 initium
1236 2468 1327 2524 sumit.
1352 2466 1384 2551 iu
1399 2481 1454 2537 quo
1469 2466 1591 2537 quisquis
1607 2465 1700 2535 incipit
1715 2466 1753 2519 ita
1768 2465 1872 2530 vivere,
1886 2472 1916 2521 ut

266 2587 318 2647 luit
331 2585 389 2657 ejus
402 2582 519 2655 gratuita
530 2579 650 2651 bonitas,
665 2575 781 2647 repulsis
796 2573 914 2631 tenebris
927 2568 1065 2639 inquibus
1117 2570 1181 2617 ante
1195 2558 1270 2615 liniat
1280 2559 1364 2615 uitam
1374 2575 1455 2631 quam
1465 2559 1499 2615 ab
1510 2559 1569 2629 eius
1578 2558 1741 2627 obligatione
1750 2556 1917 2624 summensi

267 2676 483 2737 umnisbumana
495 2669 621 2727 nativitas
633 2666 739 2739 peccati
751 2663 889 2734 originalis
902 2660 1066 2717 condemna·
1116 2652 1197 2707 unius
1213 2650 1267 2707 diei
1286 2650 1329 2707 vel
1348 2648 1428 2706 unius
1443 2650 1518 2706 horae
1532 2650 1619 2720 spatio
1630 2648 1719 2704 anima
1739 2642 1785 2704 illa
1805 2649 1876 2704 vixit
1888 2649 1917 2705 iu
2019 2706 2020 2711 ,

267 2769 344 2826 tione
365 2772 499 2829 versatur,
520 2756 688 2817 reducendos
708 2755 789 2828 515
811 2749 1011 2825 predestinavit
1031 2745 1066 2802 ad
1117 2758 1244 2816 corpore,
1259 2758 1371 2801 necesse
1386 2750 1428 2800 est
1441 2758 1501 2798 eam
1515 2756 1576 2798 cum
1588 2741 1684 2797 eodem
1702 2755 1818 2812 corpore
1833 2740 1918 2797 iuter-

267 2858 358 2918 lucem
375 2874 382 2910 t
399 2856 425 2910 in
441 2870 474 2910 eo
489 2852 624 2923 precipue
638 2848 829 2905 demonstrans
843 2842 917 2915 quod
931 2842 998 2897 istos
1011 2839 1066 2897 ori·
1116 2835 1253 2893 minabilia
1265 2834 1395 2904 gebennae
1415 2833 1546 2905 supplicia
1566 2831 1717 2897 sustinere,
1733 2830 1779 2886 ubi
1793 2828 1918 2887 diabulus

269 2949 366 3020 ginalis
388 2946 492 3017 peccati
517 2942 630 2999 vinculis
661 2937 780 2995 indebita
804 2936 892 3007 gratia
915 2930 1067 2989 liberatoris
1117 2942 1179 2986 cum
1194 2924 1296 2996 augelis
1310 2925 1365 2981 suis
1378 2924 1405 2980 in
1420 2932 1550 2979 aeternum
1564 2938 1674 2979 arsurus
1688 2928 1747 2989 est,
1759 2920 1807 2993 qui
1821 2928 1850 2977 et
1864 2920 1919 2992 pri·

270 3039 440 3103 absolverem
464 3050 525 3091 cum
548 3033 636 3099 alios,
656 3039 685 3087 et
700 3044 781 3101 quam
799 3028 916 3083 maxime
929 3023 1065 3096 parvulos,
1118 3035 1178 3074 mus
1189 3016 1321 3089 peccavit,
1339 3023 1367 3072 et
1379 3023 1519 3086 peccatum
1532 3013 1626 3085 primis
1640 3010 1793 3068 bominibus
1806 3024 1918 3080 persue-

272 3131 371 3204 puibus
388 3126 461 3182 nulla
479 3130 594 3197 possunt
608 3122 648 3179 vel
669 3121 741 3178 bona
756 3119 799 3174 vel
814 3117 883 3172 mala
898 3118 987 3173 inesse
1003 3131 1068 3187 prn-
1119 3110 1155 3166 sit
1171 3127 1177 3163 :
1195 3108 1239 3164 ubi
1253 3122 1313 3164 eum
1328 3122 1362 3162 ee
1381 3106 1462 3162 etiam
1482 3102 1638 3167 fornicarii,
1658 3101 1738 3158 idolis
1756 3099 1919 3169 servientes,

271 3219 337 3293 prise
352 3218 448 3273 merita
465 3226 477 3255 ⁰
492 3213 655 3281 voluntatis,
669 3210 805 3267 insolubili
819 3224 892 3265 nexu
905 3217 1006 3264 aeterna
1020 3207 1069 3263 da·
1082 3217 1106 3282 c
1121 3201 1252 3269 adulteri,
1274 3199 1387 3264 molles,
1411 3196 1592 3254 masculorum
1613 3192 1812 3275 concubitores,
1833 3190 1919 3257 iures,

272 3308 529 3367 mnatioretineret.
860 3294 863 3299 “
1121 3297 1209 3363 avari,
1232 3294 1348 3359 ebriosi,
1366 3292 1507 3359 maledici,
1532 3292 1614 3364 516
1627 3304 1754 3361 rapaces,
1775 3296 1805 3343 et
1824 3302 1921 3345 omrtes

310 3400 354 3455 di.
365 3398 447 3455 Bonae
457 3411 566 3469 quoque
575 3384 724 3453 voluntatis
733 3399 762 3449 ct
771 3389 943 3461 cogitationis
954 3388 1069 3455 initium,
1122 3390 1169 3461 qui
1183 3401 1265 3459 opera
1278 3387 1367 3443 carnis
1377 3395 1461 3456 egum
1479 3384 1524 3458 [de
1541 3384 1639 3456 quibus
1652 3383 1748 3440 beatus
1763 3381 1831 3438 dicit
1846 3383 1920 3454 Apo-

273 3509 330 3551 non
344 3490 447 3548 humini
460 3504 494 3544 ex
506 3489 597 3560 seipso
611 3485 695 3549 nasci,
712 3482 760 3539 sed
773 3481 952 3547 divitritus,et
966 3494 1072 3550 praepa·
1122 3479 1216 3545 stolus,
1225 3477 1285 3552 quin
1296 3494 1403 3550 regnum
1413 3474 1464 3531 tte
1474 3493 1526 3532 non
1536 3485 1722 3549 coangustatur
1733 3474 1918 3549 (Gel.v,2ill,

274 3586 346 3652 rari,
366 3592 394 3640 ct
409 3583 489 3639 tribui
502 3582 530 3638 iu
548 3595 582 3637 eo
603 3579 673 3635 bens
692 3575 834 3632 evidenter
847 3571 985 3637 ostendit,
1000 3568 1073 3641 quod
1125 3571 1148 3626 si
1160 3577 1224 3626 ante
1235 3567 1315 3640 unius
1324 3566 1387 3624 vitae
1400 3567 1542 3623 terminmn
1553 3567 1630 3623 aviis
1642 3567 1699 3623 suis
1709 3566 1921 3624 maiiseunvervi

275 3692 364 3748 neque
383 3674 526 3739 diabolus,
545 3685 634 3743 neque
653 3668 751 3738 aliquis
772 3665 928 3735 angelorum
946 3661 1023 3732 ejus,
1039 3675 1074 3716 ex
1124 3675 1179 3717 nnn
1194 3659 1304 3725 luerint,
1324 3657 1433 3713 aeternis
1447 3657 1553 3726 ignibus
1567 3663 1724 3713 exurentur.
1740 3654 1836 3712 Omnis
1849 3657 1922 3712 euim

276 3785 331 3840 quo
343 3768 428 3824 ruinae
442 3765 514 3820 iilius
528 3763 627 3818 merito
642 3760 669 3815 in
681 3758 752 3814 bane
766 3763 829 3813 sunt
849 3752 1011 3825 interiorem
1024 3749 1073 3805 de·
1124 3753 1207 3807 bomo
1219 3751 1266 3820 qui
1278 3750 1305 3805 in
1318 3748 1371 3805 boc
1384 3747 1483 3804 saeculo
1497 3762 1583 3818 usque
1597 3746 1631 3803 ad
1644 3745 1725 3803 tinem
1744 3747 1772 3803 in
1793 3746 1924 3820 iniquita·

277 3947 466 4015 voluntatem,
481 3940 560 4008 Qu⁰d
582 3939 605 3994 ⁸5
627 3935 636 3977 ¹
658 3933 786 4008 possibile
810 3940 883 3989 esset
906 3937 935 3987 til
959 3929 1074 3985 hument
1125 3934 1176 4000 rit,
1192 3932 1261 3988 sicut
1275 3931 1319 3987 bie
1334 3945 1395 3986 eum
1412 3929 1494 3985 nuria
1506 3928 1648 3985 criminum
1661 3927 1807 3985 delectatio
1826 3928 1927 3997 murat,

278 4042 385 4098 natura,
405 4038 547 4102 postquam
561 4043 577 4081 ³
591 4025 647 4080 ⁰0⁰
672 4036 765 4079 aversa
788 4021 937 4077 bonitatem
958 4018 1076 4090 perdidit
1126 4027 1165 4084 sic
1177 4041 1239 4080 cunr
1251 4024 1310 4079 sinc
1324 4022 1377 4078 tine
1391 4023 1554 4094 sempiterna
1566 4021 1697 4080 cruciatio
1710 4020 1851 4077 retinebit.

279 4120 446 4184 voluntatis,
466 4132 501 4172 ex
514 4116 604 4186 seipsa
622 4128 715 4169 rursus
734 4126 795 4167 eam
808 4110 909 4167 babere
932 4110 1073 4185 potuisset,
1162 4114 1207 4170 35.
1223 4113 1338 4183 Commo
1352 4109 1501 4184 impiorum.
1517 4109 1622 4167 -Erit
1635 4109 1708 4167 enim
1722 4109 1805 4167 etiam
1818 4110 1931 4182 iniquo-

279 4213 365 4272 multo
383 4209 540 4282 possibilius
556 4208 609 4265 boc
626 4212 722 4262 natura
737 4202 851 4259 baberet
864 4202 1002 4273 angelica,
1017 4216 1076 4271 qvam
1127 4222 1187 4264 rum
1204 4203 1386 4271 resumptio,
1401 4203 1449 4259 sni
1463 4200 1522 4260 sine
1542 4201 1747 4270 immutatione,
1762 4214 1849 4271 quam
1861 4199 1932 4256 5015.

280 4303 492 4379 quantominus
515 4306 643 4372 gravatur
673 4295 775 4354 terreni
796 4293 918 4366 corporis
941 4291 1075 4366 pondere,
1127 4296 1252 4355 tideiibus
1261 4305 1332 4352 etex
1342 4291 1416 4350 ttdst
1427 4291 1780 4364 iusteviventibusdaturus
1790 4298 1834 4347 est
1843 4290 1934 4349 Deus.

281 4402 358 4454 tauto
369 4396 454 4465 magis
467 4394 520 4450 bac
533 4399 606 4449 esset
617 4389 729 4463 predita
743 4387 880 4445 laenitate.
893 4384 946 4441 Sed
960 4383 1078 4441 ostendit
1128 4387 1186 4444 Hoc
1199 4395 1241 4444 est
1254 4387 1326 4444 enim
1347 4385 1422 4458 quod
1438 4385 1476 4442 ait
1495 4372 1592 4442 beatus
1610 4384 1705 4441 Paulus
1719 4401 1727 4439 ι
1748 4382 1849 4440 Ommr
1875 4382 1936 4459 qui-

281 4491 354 4547 Ileus
367 4487 437 4544 unde
449 4487 521 4542 bona
534 4484 659 4542 voluntas
674 4480 828 4539 bominibus
841 4479 930 4545 detur,
943 4491 1025 4548 quam
1038 4476 1078 4532 sic
1129 4479 1188 4538 doen
1199 4491 1373 4556 reserpentem,
1388 4474 1433 4536 md
1443 4490 1496 4536 non
1511 4490 1600 4536 mutter
1614 4472 1807 4534 immutabimur
1827 4469 1862 4545 (i
1870 4473 1939 4532 cor.

282 4582 432 4646 amiserunt
444 4579 532 4657 augeli
544 4593 606 4641 eum
616 4576 757 4650 baberent,
768 4579 800 4636 ttt
809 4572 935 4635 maistam
949 4569 1078 4647 deinceps
1090 4592 1117 4655 Ι)
1128 4592 1173 4641 xv,
1188 4574 1245 4643 bl).
1261 4572 1411 4629 Ostendens
1425 4580 1515 4628 autem
1525 4571 1611 4640 iustos
1622 4567 1713 4625 divino
1724 4581 1842 4623 munere
1857 4581 1940 4622 cous·
2019 4640 2020 4651 ἵ

274 4680 384 4737 babere
398 4694 453 4734 nou
467 4677 580 4749 possint·
1127 4665 1283 4731 mutandos,
1298 4663 1336 4719 ait
1352 4680 1358 4716 :
1375 4660 1410 4716 tt
1423 4678 1470 4717 noa
1482 4658 1676 4716 immutabimur
1690 4655 1787 4729 (titt,
1797 4655 1863 4725 52).
1884 4653 1943 4711 lla·

320 4770 365 4825 55.
380 4767 512 4837 Quoniam
526 4766 607 4837 igitur
619 4765 699 4834 digna
713 4770 756 4819 est
766 4761 862 4819 eadem
873 4761 997 4816 voluntas
1006 4758 1079 4815 bona
1129 4758 1233 4816 bebunt
1246 4769 1310 4825 ergo
1324 4754 1409 4825 iniqui
1426 4768 1488 4811 cum
1498 4752 1579 4824 imus
1598 4749 1827 4807 resurrectionem
1843 4747 1945 4807 mruie

232 4844 235 4853 ’
285 4875 336 4934 per
349 4859 397 4914 bet
411 4859 524 4928 gratiam
538 4864 645 4912 aeternae
658 4851 832 4910 beatitudinis
846 4850 971 4923 premio,
986 4856 1013 4905 et
1027 4848 1080 4903 ini·
1129 4863 1310 4915 communem,
1323 4839 1517 4903 immutationis
1528 4854 1615 4901 tanmn
1628 4844 1636 4927 l
1650 4844 1766 4913 gratiam
1780 4856 1840 4898 nors
1853 4840 1947 4899 habe
2019 4832 2020 4847 ¹

286 4954 375 5026 quitas
390 4951 510 5020 angelica
524 4959 605 5021 atque
618 4948 735 5004 bumana
750 4960 810 5002 esse
829 4960 883 4999 uon
896 4943 977 4998 debet
991 4942 1078 5012 impu·
1133 4942 1209 5007 bunt,
1225 4956 1284 5013 qum
1298 4939 1406 4996 dabitur
1414 4938 1494 5010 iustis
1509 4957 1516 4992 ι
1533 4937 1659 5010 quoniam
1675 4952 1691 4992 a
1704 4935 1879 5007 corporibus
1894 4936 1949 4991 im-

164 3882 171 3889 ·
277 3857 344 3913 trusi
366 3854 529 3922 caliginem,
546 3850 644 3906 bonam
658 3846 747 3918 putuit
760 3852 807 3899 aut
826 3841 926 3915 poterit
940 3853 1075 3895 resumere
1125 3850 1181 3898 tum
1196 3839 1376 3897 delectatione
1390 3839 1405 3877 ¹¹
1421 3847 1448 3895 et
1468 3838 1557 3895 cordis
1574 3837 1752 3895 obduratione
1765 3852 1925 3910 permanse·
2019 3884 2020 3889 ,

286 5047 355 5110 ulta,
370 5055 526 5118 propterca,
542 5040 690 5099 secundum
708 5037 847 5095 catholiam
867 5034 929 5091 ttdei
949 5034 1077 5105 regulam,
1131 5033 1238 5104 piorum
1248 5046 1302 5088 non
1318 5029 1454 5087 auferetur
1467 5031 1615 5101 corruptio,
1627 5036 1656 5084 et
1667 5027 1836 5097 ignobilitas,
1855 5035 1892 5083 et
1907 5025 1951 5081 in·
2019 5032 2020 5043 ¹

287 5144 430 5195 venturum
445 5150 505 5191 esse
519 5133 617 5190 Filium
631 5130 680 5189 Dei
696 5129 729 5186 ad
742 5126 894 5202 puniendos
908 5139 1003 5182 omnes
1016 5116 1090 5196 pec·'
1133 5124 1244 5182 tirmitas
1267 5123 1293 5180 in
1310 5123 1406 5195 quibus
1423 5122 1592 5180 seminantur
1606 5139 1613 5175 z
1628 5134 1689 5192 quae
1707 5119 1743 5175 ob
1764 5119 1818 5174 troc
1850 5128 1953 5175 morte

325 5336 339 5366 ⁸
357 5320 479 5381 Vaticani
492 5326 559 5385 tres,
573 5318 630 5373 sinc
644 5313 729 5371 diuino
740 5326 856 5370 munere.
870 5306 925 5365 Sed
939 5305 1029 5388 verior
1043 5305 1081 5361 le·
1172 5305 1183 5345 ¹
1204 5305 1267 5363 tiss.
1283 5312 1407 5376 quatuor,
1421 5302 1489 5370 Quia
1502 5304 1536 5358 si.
1904 5321 1909 5325 ·

290 5395 344 5453 ctio
357 5394 522 5463 reliquorum
534 5385 625 5452 codd„
639 5385 684 5441 vrbi
697 5386 756 5440 baec
769 5398 821 5438 vox
833 5382 891 5435 sine
903 5393 957 5461 nnn
971 5378 1080 5446 tegitur.
1171 5386 1183 5425 t
1203 5376 1248 5432 Sic
1262 5375 1348 5431 Vatic.
1360 5390 1439 5441 unus,
1449 5374 1529 5449 iuxta
1537 5372 1660 5429 Graecum
1675 5377 1779 5426 textum
1794 5368 1956 5442 Apostoli.

291 5514 294 5519 .
326 5465 444 5519 l*vatic
460 5475 547 5525 unus,
562 5474 611 5532 quo
629 5457 684 5512 soto
698 5455 765 5510 trono
778 5461 804 5507 et
817 5452 892 5506 teoto
907 5451 966 5520 saort.
1135 5448 1231 5504 Ceteri
1244 5462 1299 5503 non
1313 5446 1415 5502 habent
1428 5443 1588 5515 particulam
1602 5458 1656 5513 per.
1886 5462 1888 5465 v

311 5546 341 5618 ‚⁶
360 5530 405 5589 Sic
418 5542 483 5614 mss.
498 5530 562 5585 duo.
582 5526 681 5610 Atms.
695 5522 795 5608 ⁶9wa
815 5521 849 5575 ed
865 5519 962 5591 trevali
975 5516 1082 5594 terliti-
1165 5517 1184 5603 ‘¹¹
1200 5516 1586 5600 llss.·rpulnque,'inipuitetum
1600 5512 1768 5593 dilectione...
1781 5517 1884 5571 noxia
1902 5519 1960 5572 cri·

292 5601 801 5740 muffblgfhlglerbd,'deecrlczi'qfflmm
1075 5700 1078 5705 ·
1123 5587 1382 5725 ’Μ’ῑιαζῐηαῖξιῡιῗειῗῐΐᾶε,
1397 5667 1422 5713 et
1436 5660 1463 5712 ln
1475 5658 1538 5728 fide.

321 5752 342 5822 ᾖ
363 5742 446 5797 Abest
456 5742 603 5822 propriora
627 5753 678 5794 ms.
703 5735 803 5801 Corb.;
824 5732 922 5803 legitur
941 5730 968 5812 in
993 5726 1081 5809 Vatic-
1110 5792 1114 5799 ,
1175 5729 1287 5786 illatie.
1304 5743 1381 5794 unum,
1397 5728 1600 5785 immutationem
1613 5736 1699 5783 tumen
1715 5725 1834 5792 ternis3
1870 5729 1955 5788 alter

293 5813 389 5891 tribus.
405 5808 582 5932 Vaticiaalter,
600 5811 712 5881 proprie
733 5806 823 5863 merito
838 5804 987 5902 uolrrntotrs.
1002 5796 1083 5863 Edttt,
1138 5802 1340 5858 immutationem
1354 5807 1451 5889 autem.
1720 5793 1731 5809 .

294 5894 474 5959 proprrnmerr
507 5918 513 5935 .
