4106 6330
269 408 303 468 00
713 399 742 457 0.
763 389 1443 457 000000οῑ000001000000000000000.
1860 400 1896 458 ω
1954 400 1957 407 -

270 518 338 593 petit
349 522 540 583 concubitum,
556 518 645 576 turbat
659 518 685 573 iu
700 514 826 587 pontiilce
839 521 917 583 pecto
934 507 1061 567 10001000-
1073 511 1096 573 A
1110 505 1224 576 quodum
1247 505 1321 561 loute
1343 505 1527 577 copiosissimo
1546 506 1660 564 ubertim
1673 505 1794 566 01100111.
1809 509 1896 579 Quam

270 612 389 669 01000000.
404 611 458 668 Sed
472 625 535 667 eece
549 611 618 666 alter
629 607 739 677 loseph,
754 605 799 677 quui
814 602 909 658 relicto
922 599 1004 671 pallio
1018 597 1060 653 iu·
1108 594 1172 650 darn
1196 594 1274 651 ollert
1294 604 1403 651 sauctus
1418 595 1548 667 'pontifex
1574 598 1601 654 in
1620 600 1802 657 ministerium
1822 603 1899 661 holo·

270 704 317 772 git,
333 711 361 760 et
375 716 497 771 egressus
512 704 554 758 001
566 700 648 766 iuras,
663 698 816 765 relinquens
830 691 935 749 ierrrinae
945 698 1057 751 restem,
1109 686 1192 740 causti
1216 685 1306 742 statiua
1328 684 1442 741 relertd
1463 686 1570 743 xenium
1592 688 1619 743 iu
1642 689 1747 759 signum
1777 694 1921 761 muneris,

269 807 305 848 ne
325 792 490 860 relinqueret
512 790 672 846 castitatem.
698 785 732 840 ht
755 784 799 840 illa
814 787 942 865 protecta
965 777 1058 849 pallio,
1109 775 1253 846 impetrati.
1278 775 1344 832 llam
1366 777 1543 848 promissione
1563 793 1626 834 mox
1643 780 1898 852 certilleaturange·

270 888 412 950 postquam
426 895 486 935 eant
500 879 643 935 salubriter
663 870 784 946 potitiicx
798 880 906 929 sauctus
920 867 1060 925 admonuit
1108 865 1159 922 lica
1169 866 1240 936 quod
1253 865 1312 936 ejus
1325 867 1412 923 oratio
1426 874 1468 922 est
1481 866 1615 924 exaudita.

268 977 298 1026 00
309 971 448 1040 corripuit,
461 970 582 1041 spiritum
595 965 741 1023 exhalauit.
760 988 763 993 >
1144 957 1187 1011 lo.
1203 955 1274 1027 Ergo
1288 958 1350 1028 quia
1369 972 1419 1029 per
1438 971 1518 1014 omne
1531 955 1663 1028 hagellum
1676 958 1823 1018 temsalem
1837 978 1897 1020 eru·

305 1059 349 1116 15.
379 1060 495 1115 auriens
526 1057 647 1114 tribunus
670 1053 730 1112 illic
754 1052 932 1110 miserabilem
956 1048 1058 1105 obitum
1107 1046 1191 1115 ditur,
1205 1046 1476 1117 etperuexationem
1490 1047 1642 1106 intellectus
1661 1051 1734 1110 acies
1756 1054 1895 1125 aperitur,

269 1149 444 1220 obstupescit.
460 1146 513 1204 Sed
527 1149 549 1203 si
562 1146 662 1203 Christi
676 1144 755 1202 iidem
769 1160 832 1200 uero
843 1141 926 1199 corde
939 1136 1059 1212 proliteri
1108 1155 1172 1195 mox
1185 1155 1266 1211 super
1279 1154 1397 1212 paganos
1416 1157 1511 1199 manus
1530 1142 1636 1200 Domini
1661 1154 1765 1217 pestem
1784 1163 1897 1221 exagge-

269 1242 395 1308 rolucrit,
409 1240 440 1295 11.
455 1238 625 1295 Eleutherius
638 1239 672 1294 de
685 1237 774 1294 diuina
784 1233 900 1292 conlisus
910 1228 1061 1287 misericor·
1107 1245 1171 1287 rane
1184 1240 1352 1300 aggravatur.
1375 1230 1485 1291 Prodire
1503 1248 1557 1291 non
1570 1242 1682 1305 possum
1696 1236 1722 1291 in
1747 1237 1894 1309 pubiicum,

269 1328 322 1395 dia,
330 1329 510 1385 suscitandam
521 1327 578 1399 eius
588 1326 667 1384 liliam
678 1326 850 1398 repromittit.
862 1322 961 1378 dtinuit
970 1327 1057 1390 pater,
1106 1330 1239 1390 mguutur'
1259 1320 1389 1379 demonia
1408 1335 1506 1392 negare
1526 1326 1697 1394 responsuro,
1723 1323 1839 1384 dualiter
1851 1328 1896 1386 de·

267 1429 297 1478 et
309 1422 451 1480 celebratis
465 1439 499 1479 ex
518 1437 593 1478 more
613 1421 754 1476 missarum
777 1415 934 1477 solemniis,
959 1423 1058 1468 terram
1106 1420 1221 1466 eernurrt
1233 1410 1345 1481 gentiles
1362 1411 1497 1468 tribunum
1516 1412 1684 1479 occideresi
1703 1430 1758 1472 aon
1773 1416 1800 1472 in
1811 1418 1897 1473 omni·

267 1519 378 1568 saneim
391 1512 486 1569 haculo
496 1511 610 1584 pereutit
623 1510 750 1582 pastoraii
763 1527 769 1562 :
781 1516 809 1564 et
821 1508 883 1564 duru
895 1505 963 1577 patri
978 1503 1057 1558 111000
1107 1501 1158 1557 bus
1171 1501 1286 1557 uoluerit
1299 1501 1453 1560 Eleutherio
1467 1504 1628 1560 consentire.
1643 1505 1695 1573 Qui
1708 1507 1848 1564 uenientes
1860 1508 1895 1564 ad

269 1601 358 1659 iacere
371 1618 453 1674 super
464 1604 597 1675 promisso
610 1603 713 1683 nititur,
723 1598 810 1655 ductus
823 1605 865 1654 est
876 1605 954 1652 terre
962 1602 1057 1649 motus
1107 1600 1239 1660 sarnetum,
1254 1593 1378 1665 iacrymis
1392 1591 1466 1660 lusia,
1480 1603 1656 1665 prosternunt
1668 1612 1699 1654 se
1710 1596 1823 1669 pedibus
1835 1615 1896 1656 san-

222 1738 229 1751 .
267 1693 413 1750 horribilis.
436 1693 504 1760 Quid
519 1693 616 1763 plura?
637 1690 723 1745 Patris
737 1682 1057 1744 iulidelitasccrtisindi·
1106 1684 1144 1739 eti
1161 1682 1304 1754 pontilicis.
1325 1683 1465 1755 Impletum
1483 1694 1525 1742 est
1546 1686 1608 1742 illud
1627 1686 1702 1744 isaiae
1714 1689 1892 1747 vaticinium:

266 1785 317 1841 ciis
328 1786 456 1855 aperitur.
481 1782 646 1840 Pernoctaus
664 1781 743 1851 igitur
760 1785 869 1835 0000000
882 1775 908 1831 10
922 1774 1056 1841 oratione,
1070 1846 1073 1855 .
1106 1775 1223 1833 Venient
1234 1774 1268 1833 ad
1280 1785 1306 1832 te
1317 1777 1392 1832 curui
1406 1776 1449 1833 ttlii
1460 1792 1565 1845 eorum,
1578 1778 1624 1849 qui
1635 1779 1842 1836 humiliaverunt
1855 1789 1893 1850 te,

268 1890 348 1931 mane
362 1884 479 1946 coepturn
491 1873 651 1944 aggreditur.
662 1870 716 1928 Sed
728 1871 825 1926 iterato
838 1876 915 1924 terrae
925 1874 1055 1935 motupa·
1070 1866 1094 1926 B
1107 1877 1134 1924 et
1147 1870 1193 1940 gui
1211 1868 1389 1925 detrahebant
1407 1869 1467 1938 tibi,
1490 1869 1640 1930 adorabunt
1660 1871 1772 1940 ucsdgla
1795 1871 1894 1943 padum

266 1965 317 2021 tris
331 1963 472 2021 infidelitas
485 1962 669 2021 confirmatur.
688 1961 740 2028 eri
753 1965 928 2029 compunctus
941 1955 973 2011 ad
987 1965 1058 2012 tem·
1107 1967 1214 2016 tuorum
1229 1957 1307 2029 (1001,
1322 1974 1368 2023 tx,
1385 1956 1441 2028 00).
1455 1957 1520 2013 Post
1539 1959 1596 2015 hmo
1609 1959 1710 2017 indicto
1724 1967 1826 2031 septam
1840 1961 1894 2019 die·

267 2068 318 2126 pus
332 2056 412 2111 tertio
426 2054 504 2121 redit,
517 2053 628 2125 pedibus
642 2050 775 2124 pontilicis
787 2065 817 2105 se
830 2048 984 2119 prostrauit,
994 2061 1056 2101 rea·
1105 2063 1165 2104 rum
1179 2046 1292 2103 solemni
1311 2046 1423 2118 jejunio,
1438 2048 1590 2104 (1100000000
1604 2048 1726 2106 tribunus
1738 2052 1894 2123 et'populas

266 2154 324 2203 turn
334 2147 430 2217 aperit,
444 2146 579 2202 lietioncm
588 2143 717 2211 ostendit,
728 2141 825 2211 recipit
834 2138 915 2194 liliam
926 2137 1057 2194 ianriuti
1105 2136 1190 2193 induti
1204 2137 1299 2203 saccis,
1314 2143 1414 2195 ereum
1435 2136 1470 2194 do
1493 2136 1626 2199 Tomaoo.
1641 2138 1715 2206 Quos
1734 2156 1847 2199 numero
1860 2144 1895 2199 si-

267 2236 434 2309 nomluepcr
447 2232 477 2292 11.
491 2234 672 2291 Eleutheriou
685 2233 849 2289 suscitatam.
863 2228 928 2296 noa
941 2228 1057 2285 camebi·
1104 2235 1246 2297 gnatorum
1268 2226 1460 2285 melentosum
1481 2235 1590 2285 0000000
1608 2229 1717 2285 ascribit
1738 2231 1895 2290 charamera

266 2336 326 2383 eata
340 2325 578 2389 lldeirudimentis‚
589 2338 691 2394 seuque
703 2322 805 2379 dierum
818 2327 929 2391 purgata
940 2318 1055 2389 ieiunio,
1104 2316 1273 2388 baptimastis
1295 2327 1323 2372 et
1343 2314 1405 2376 11001
1424 2326 1603 2380 momento
1628 2319 1696 2382 Nam
1719 2321 1841 2382 uolentes
1858 2325 1894 2383 de

266 2426 441 2489 regeneratur
455 2411 1058 2487 10131001000;0000011100100000000111οωοι
1104 2407 1222 2463 tenebris
1235 2406 1342 2478 prodire
1362 2409 1396 2463 ad
1414 2407 1512 2473 lucem,
1526 2418 1555 2466 et
1566 2411 1691 2483 amplecti
1708 2416 1894 2475 amrissimam

266 2518 308 2567 ter
321 2511 438 2583 episcopi
452 2509 485 2565 de
505 2523 585 2565 sacro
607 2506 682 2564 loute
694 2504 821 2577 suscepit,
837 2502 944 2561 Blandae
958 2517 1056 2561 numen
1104 2498 1202 2555 Christi
1220 2498 1315 2568 lagena
1330 2514 1385 2557 sum
1402 2502 1585 2559 conversionis
1598 2504 1728 2575 primitias
1741 2507 1894 2580 baptismali

266 2602 353 2658 eidem
374 2601 510 2672 imposuit.
526 2604 591 2668 Quae
610 2598 709 2655 tribuni
728 2595 780 2652 tilia
794 2596 963 2667 postmodum
977 2593 1057 2650 Bion·
1103 2588 1211 2647 1000000
1224 2603 1335 2646 0000000
1348 2599 1391 2647 etl
1403 2593 1566 2660 0000000001.
1593 2603 1726 2666 quanam
1744 2597 1771 2654 in
1795 2614 1893 2657 nouam

267 2688 341 2747 dinio
355 2708 453 2748 nornen
467 2691 550 2747 dedit.
576 2690 650 2746 llanc
673 2698 753 2761 pater
766 2689 800 2746 ad
820 2686 1002 2745 iuildclitutcm
1017 2703 1058 2745 re·
1103 2680 1199 2744 001000
1213 2681 1394 2738 innocentiam
1407 2684 1509 2740 etrite
1523 2684 1663 2746 tutandam
1676 2699 1852 2752 0000000010
1865 2693 1893 2749 ia

265 2781 353 2851 011000,
368 2783 459 2839 multis
477 2781 566 2840 adscit
583 2780 713 2838 molestiis
731 2794 765 2836 eo
784 2778 859 2848 quod
869 2784 942 2836 esset
959 2776 1053 2834 tidelis.
1104 2773 1182 2843 aquis
1205 2775 1418 2844 regenerationis
1431 2775 1553 2849 deposita
1570 2784 1704 2839 uetustate
1716 2785 1830 2854 peccati.
1845 2784 1894 2842 Ce-

266 2871 320 2930 Sed
332 2874 408 2943 uirgo
420 2873 554 2930 Christum
566 2871 743 2934 lucrifaciens.
759 2871 843 2941 patris
857 2879 870 2910 ⁸
886 2871 1055 2927 abdicatione
1103 2865 1205 2923 lebrata
1218 2874 1261 2923 est
1273 2881 1337 2937 ergo
1348 2883 1409 2924 oum
1420 2859 1521 2939 gaudio
1531 2872 1589 2929 dies
1602 2874 1647 2930 illa
1658 2875 1786 2938 solemnis
1798 2880 1893 2948 quinto

266 2974 388 3037 ereptum
400 2965 450 3020 sibi
463 2964 652 3035 patrimonium
664 2961 868 3034 parvipendons,
880 2976 1055 3035 perseuerans
1103 2957 1230 3017 00100100
1238 2957 1372 3027 Octobris,
1385 2977 1446 3018 eum
1458 2978 1473 3017 a
1483 2965 1640 3033 gentilitatis
1651 2979 1743 3023 errore
1754 2985 1803 3042 per
1814 2970 1894 3028 Eleo·

266 3055 293 3111 in
307 3053 370 3121 ilde,
384 3053 514 3127 b'truieuit
535 3055 562 3111 in
584 3070 660 3126 pace.
683 3052 794 3123 Sepulta
807 3052 833 3108 iu
845 3051 908 3111 uilia
922 3051 1055 3110 blandinii
1103 3048 1219 3107 iberiam
1231 3066 1378 3110 conuersus
1390 3060 1433 3112 000
1452 3054 1485 3110 ad
1505 3053 1584 3111 ilderu
1607 3059 1763 3116 catholicam
1778 3063 1892 3133 populns

265 3147 351 3218 pridie
366 3157 378 3188 ⁶
393 3146 517 3204 calendas
537 3145 609 3204 iunii
631 3153 694 3201 0000
715 3143 745 3199 Β.
770 3142 842 3200 Petri
865 3144 1012 3201 sacrarium
1025 3151 1054 3201 00
1104 3138 1291 3197 1000000010·
1315 3140 1376 3199 1100
1387 3149 1429 3200 001
1442 3144 1509 3212 (1100,
1524 3160 1606 3218 quam
1620 3148 1692 3204 00110
1706 3149 1894 3210 (1010000101οω

265 3237 359 3296 altare.
878 3238 882 3245 “
1066 3224 1891 3315 Cobliuio,sedcxuberarenorlaudiselgratiarumactio;

302 3327 368 3389 ι11.
384 3326 485 3385 1101000
507 3326 597 3383 intem
621 3325 749 3383 Dominus
762 3339 889 3395 generare
902 3326 953 3384 sibi
966 3342 1053 3397 popu·
1102 3334 1164 3377 0000
1187 3328 1243 3376 ltro
1266 3321 1448 3392 indignatione
1470 3342 1550 3397 quana
1570 3328 1742 3387 miseratione
1761 3346 1893 3390 murem

264 3418 318 3474 lum
329 3419 533 3486 substantivum,
541 3418 671 3490 corripuit
681 3416 863 3473 Tornaeenses
872 3425 948 3488 peste
958 3417 1053 3473 mortis
1103 3419 1145 3469 est
1157 3420 1231 3469 tanta
1243 3414 1335 3485 populi
1345 3415 1486 3475 multitudo
1497 3418 1578 3475 modo
1585 3420 1700 3477 mirabili
1709 3430 1738 3478 00
1747 3424 1891 3494 stupendo,

264 3511 369 3581 subitae,
383 3525 435 3581 qua
445 3510 577 3582 percussit
589 3508 687 3566 ibidem
698 3509 802 3580 aliquos
815 3521 990 3579 paganorum.
1005 3507 1054 3564 La·
1101 3502 1310 3574 sieutscriptum
1324 3514 1366 3561 cst
1377 3505 1456 3581 (isui.
1468 3523 1514 3579 uu,
1525 3509 1569 3581 ld)
1583 3509 1629 3570 :tn
1640 3512 1893 3584 indignationemea

264 3601 358 3662 001000
368 3600 603 3670 uulnerumsigna,
615 3600 784 3657 nesciebatur
794 3599 936 3656 effectuum
950 3615 1050 3659 causa:
1102 3598 1221 3669 00000001
1235 3606 1278 3663 10,
1301 3607 1326 3655 01
1343 3599 1369 3654 in
1388 3602 1680 3661 reconciliationem
1693 3606 1892 3667 001000100ου00

263 3693 428 3753 sentiebatur
440 3692 563 3749 iuneruru
576 3708 667 3764 puina,
681 3691 851 3763 querebatur
865 3691 987 3749 inelilcax
998 3708 1054 3751 rue·
1103 3689 1150 3743 itti·
1176 3687 1290 3746 Sanetus
1302 3704 1367 3761 ergo
1380 3690 1502 3762 pontiisx
1522 3701 1585 3765 post
1598 3695 1655 3752 bec
1669 3696 1818 3769 ingreditur
1829 3715 1892 3756 cum

262 3783 359 3843 diuina.
383 3782 450 3838 llam
471 3784 587 3853 quodam
607 3784 693 3840 noctis
714 3785 871 3855 crepusculo
890 3799 951 3841 cum
971 3786 1052 3841 armis
1101 3779 1186 3849 0100ἰο
1196 3783 1343 3853 ciuitatem,
1353 3800 1433 3856 qttetu
1443 3786 1558 3856 populus
1567 3787 1707 3844 uniuersus
1716 3791 1891 3865 excepiteum

263 3874 432 3933 blandinium
456 3882 585 3945 pergunt,
597 3882 721 3929 sanctum
748 3882 870 3930 orarrtem
897 3876 1050 3942 inueniunt,
1102 3871 1191 3931 debita
1207 3876 1356 3931 reuerentia
1370 3877 1439 3935 sicut
1453 3878 1546 3949 patriae
1560 3877 1738 3942 defensorem.

261 3964 365 4021 catenis
387 3963 517 4029 vinciunt,
532 3963 680 4019 Censorino
694 3958 792 4020 000001
817 3964 923 4021 tribuno
944 3965 1051 4033 sistunt,
1137 3966 1148 3997 s
1167 3963 1210 4020 l'l.
1230 3964 1360 4021 hatuerot
1376 3966 1421 4022 diu
1442 3968 1550 4024 lucerna
1567 3970 1743 4039 submodio,
1762 3971 1892 4042 noreiam

262 4055 398 4124 teruirgis
411 4070 507 4111 casum
521 4056 687 4112 incarcerant
700 4062 728 4109 et
741 4042 875 4110 reludun't.
889 4053 942 4110 Sed
957 4055 1052 4111 cadem
1102 4054 1189 4124 posita
1207 4069 1288 4125 super
1305 4054 1496 4113 candelabrum
1519 4058 1601 4129 erepit
1621 4059 1735 4131 amplias
1757 4060 1891 4116 illustrare
2003 4130 2009 4138 Α

190 4152 195 4161 ’
263 4155 342 4200 noete
353 4146 464 4201 visitans
474 4161 536 4201 cum
552 4145 672 4215 angelus,
687 4143 772 4200 cidem
786 4145 895 4211 assistit,
911 4143 1052 4201 10000000-
1101 4144 1220 4203 domum.
1240 4142 1306 4199 Nam
1319 4143 1383 4200 dum
1396 4161 1429 4202 ex
1444 4147 1480 4218 pii
1494 4151 1609 4219 pastoris
1621 4150 1760 4220 presentia
1774 4151 1891 4221 populus

260 4237 332 4295 ceris
345 4239 441 4309 aperit,
459 4239 527 4294 uiam
542 4254 595 4307 qua
617 4236 784 4294 blandinium
805 4248 908 4310 pergat,
921 4239 1049 4309 ostendit,
1101 4236 1300 4306 gratulabatur,
1314 4237 1412 4292 0000010
1430 4239 1544 4309 amplius
1562 4240 1749 4298 eusrrltntionis
1765 4242 1890 4311 nrateria,

262 4326 367 4385 uirreula
379 4330 530 4403 disrumpit,
544 4332 663 4387 uinctum
677 4332 777 4391 educit.
1101 4329 1163 4401 quia
1178 4338 1190 4366 ⁸
1203 4343 1289 4384 caeeus
1307 4326 1437 4386 adductus
1455 4328 1489 4384 ad
1507 4329 1661 4402 pontillcem
1676 4332 1825 4389 illustratur
1839 4349 1847 4385 r
1860 4341 1892 4387 et

298 4416 343 4475 15,
358 4417 476 4476 Eductns
490 4422 590 4491 gratias
603 4421 667 4491 agit,
681 4430 708 4478 et
721 4423 792 4480 diem
805 4424 975 4495 postmodum
989 4425 1051 4481 mis·
1100 4423 1186 4479 iniusn
1208 4422 1259 4478 sihi
1277 4422 1337 4478 luce
1357 4419 1418 4479 iidei
1435 4420 1566 4480 ‘mattas
1588 4424 1700 4481 interior
1718 4424 1890 4482 emundatur.

260 4524 351 4569 aarum
364 4520 443 4566 uacat
464 4498 616 4578 solemniis,
631 4510 717 4569 iactus
739 4512 765 4569 iu
784 4514 892 4578 exstasi,
907 4516 1009 4586 positus
1022 4517 1049 4571 in
1100 4512 1205 4573 (000000
1226 4511 1307 4568 etiam
1322 4512 1420 4580 alitum,
1437 4512 1545 4568 nomine
1560 4511 1724 4579 liatnilium,
1739 4513 1766 4570 in
1780 4513 1825 4570 die
1838 4513 1891 4569 do-

259 4615 372 4657 excessu
383 4602 490 4665 meritis,
502 4602 627 4659 obsecrat
638 4619 688 4675 pro
700 4604 817 4673 tribuno,
829 4604 912 4660 licum
925 4606 1048 4676 precibus
1061 4601 1301 4663 omnicreantis
1314 4602 1456 4670 illuminat,
1470 4603 1516 4674 qui
1530 4602 1674 4662 destitutos
1685 4605 1825 4675 temporali
1839 4604 1891 4660 sti·

258 4691 386 4751 sollicitat
400 4707 448 4762 pro
463 4692 548 4747 salute
567 4693 659 4764 populi
673 4693 861 4752 Tornaoensis.
883 4695 1048 4752 Constitutus
1099 4695 1210 4768 pendia,
1225 4695 1361 4752 desolatus
1378 4694 1499 4751 ductoris
1510 4694 1648 4766 suffragio,
1663 4704 1759 4766 petens
1772 4695 1891 4751 elecmo-

257 4793 301 4843 est
313 4786 339 4842 in
354 4786 398 4841 illa
413 4788 511 4844 mentis
522 4786 674 4853 affectione,
685 4795 713 4844 et
722 4796 833 4860 experta
847 4789 939 4860 paucis
952 4790 1049 4846 oratio·
1099 4802 1192 4859 synam
1207 4787 1235 4842 in
1248 4786 1362 4842 ecelesia
1380 4786 1559 4846 mendicabat,
1584 4785 1740 4857 increpatur
1758 4793 1788 4841 ut
1800 4793 1893 4841 taceat

259 4877 302 4934 nis
314 4876 464 4943 dulcedine,
480 4893 540 4950 quae
553 4893 660 4935 sensum
675 4877 821 4934 humanum
840 4879 953 4935 otnniuuo.
963 4886 1048 4935 trans·
1099 4894 1114 4932 a
1129 4877 1352 4950 pretereuntibus
1367 4895 1375 4936 t
1390 4877 1490 4934 misero
1503 4878 1670 4951 compatiens
1682 4883 1791 4936 sanctum
1805 4890 1892 4942 0000.

165 5038 169 5045 Δ
258 4965 357 5028 cendit,
371 4969 703 5035 utramuecsonusrocls,
717 4968 872 5039 nccliugure
884 4977 1048 5033 metanoea:
1099 4971 1237 5043 proposita
1248 4970 1556 5040 caeciilliuseuangcliei
1570 4969 1696 5041 parabola
1710 4968 1786 5042 (tn.
1801 4971 1889 5038 auur),

258 5060 407 5115 enuntiatio
419 5063 559 5119 uerborum
571 5063 623 5120 ullu
634 5063 785 5133 distinguit.
804 5063 851 5120 sed
861 5080 940 5134 quarn
951 5064 1048 5121 devota
1098 5062 1144 5133 qui
1159 5069 1268 5130 rogatus
1282 5069 1312 5116 ut
1325 5069 1436 5126 0000000.
1450 5060 1585 5118 clamabat
1596 5061 1720 5132 amplius,
1734 5060 1812 5128 anuo
1825 5074 1893 5115 cru·

258 5149 757 5211 1000010100100ιο001000101110000000
778 5153 903 5216 luminis,
920 5154 1047 5221 angelicis
1097 5153 1137 5210 cis
1151 5152 1237 5208 oeulis
1250 5149 1309 5220 ejus
1332 5152 1482 5223 impresso,
1501 5151 1618 5207 restituit
1634 5151 1661 5207 ei
1677 5153 1762 5207 uisum
1778 5168 1785 5205 z
1800 5158 1828 5206 et
1846 5150 1894 5205 dic

258 5254 312 5300 non
337 5238 460 5294 immanis
483 5241 604 5312 designat
626 5245 749 5315 eloquiis,
765 5245 811 5301 sed
832 5244 1000 5314 conglobatis
1019 5247 1045 5301 in
1097 5257 1152 5315 quo
1175 5241 1222 5301 lux
1246 5257 1309 5297 uera
1334 5241 1406 5297 uenit
1428 5242 1454 5297 in
1477 5241 1606 5298 mundum
1628 5241 1662 5297 ad
1684 5240 1892 5298 illuminandum

258 5343 339 5384 uuum
362 5327 495 5395 sensibus,
519 5338 547 5386 ct
570 5332 736 5390 mortificatis
755 5333 993 5400 succubuerunt
1011 5333 1045 5390 do
1096 5350 1205 5395 omnem
1219 5333 1364 5401 homirnam,
1378 5335 1553 5406 0000100001
1568 5335 1893 5406 testimoniumperlribe·

310 5440 322 5471 Ι

295 5491 302 5522 ¹
318 5490 390 5546 alias
404 5505 464 5561 cap.
479 5506 535 5546 uru-
992 5548 999 5555 ,
1133 5487 1145 5527 i
1161 5488 1223 5556 110..
1238 5491 1373 5556 exenium,
1388 5489 1486 5549 donum
1504 5493 1654 5565 hospitale,
1669 5502 1699 5548 nt
1711 5494 1831 5617 senatun.
1846 5493 1894 5548 curi

293 5558 387 5617 'Alius
401 5576 460 5630 cap.
478 5578 513 5616 ru.
1097 5575 1173 5617 more
1185 5559 1288 5614 Gallico
1301 5576 1317 5615 c
1332 5562 1504 5628 preponitur.
1519 5562 1557 5618 lic
1570 5579 1604 5621 eo
1616 5563 1745 5635 legendus

292 5637 309 5671 ⁸
320 5628 380 5690 iis..
396 5629 584 5685 abdicationem
598 5641 622 5685 et
635 5638 760 5692 mentum.
1096 5630 1145 5685 dus
1159 5630 1185 5684 iu
1198 5626 1380 5684 Onnrnastico.
1610 5679 1611 5682 ,

292 5700 305 5736 l
322 5697 383 5754 Post
398 5701 501 5769 plenam
515 5701 597 5771 patris
610 5700 822 5769 corruersionem,
835 5703 868 5757 ab
882 5717 916 5757 eo
927 5701 1042 5773 sepulta,
1134 5709 1146 5737 ‘
1163 5697 1317 5764 Excusttm.
1340 5708 1427 5756 cetur.
1449 5701 1477 5758 ln
1495 5702 1555 5763 aliie
1572 5702 1801 5774 agituredaude
1813 5718 1895 5757 0000

258 5782 285 5829 ut
301 5767 344 5824 alii
359 5768 475 5825 tradunt.
1096 5768 1255 5827 illuminato.
1577 5820 1580 5823 ,
1899 5804 1905 5817 .

292 5852 302 5879 r
321 5838 383 5897 110..
394 5839 478 5901 nudie
491 5840 549 5900 utro
561 5837 644 5901 lauti.
1136 5838 1145 5876 l
1159 5837 1244 5909 lietu,
1258 5844 1354 5896 raritas

1783 5577 1896 5634 00000-
