4106 6330
228 414 264 473 65
671 413 716 471 Ab
734 410 879 471 SCRIPTA
899 406 1065 466 nuntiauit
1086 405 1189 468 PAPAE
1206 409 1433 470 ltnueertutx.
1497 478 1502 489 .
1833 407 1871 467 ld

438 539 451 567 1
466 528 667 587 3313133311
683 528 775 602 (Obiit
791 528 813 594 11

280 630 409 679 sostenen
431 637 505 675 3133
526 636 544 675 ιι
564 636 597 674 in
617 634 750 674 suentana
764 634 967 674 3333333333

547 726 700 766 3333333311.
764 758 770 769 .

308 804 349 859 113
361 804 570 859 reconciliatione
582 800 794 872 Carthaginensis
806 799 940 855 Ecclesia.

264 870 418 953 Boniiaeius
437 895 579 966 episeopus
599 890 703 947 liula'io
716 889 879 961 coepiscopo
895 891 1019 946 salutem.

263 986 334 1044 Olim
356 987 391 1042 ab
411 986 488 1042 initio
509 991 612 1038 1331333
625 981 796 1052 percepimus
816 983 925 1039 abeato
942 980 1022 1037 Petro

227 1096 243 1133 a
262 1076 412 1134 ostolorum
424 1072 547 1147 principe
562 1070 695 1137 iliadem,
709 1078 740 1125 ut
749 1070 896 1126 habeamus
909 1071 1024 1126 anctori-

229 1177 311 1223 tatem
328 1164 472 1222 universali
495 1161 622 1218 Ecclesiae
638 1162 796 1233 (auxiliante
810 1161 937 1232 Domino)
957 1161 1023 1217 sub·

226 1260 330 1320 sentire,
345 1264 372 1313 31
384 1254 515 1326 quidquid
530 1254 654 1309 nocivum
666 1260 708 1308 cst
721 1253 881 1309 auctoritate
891 1254 1022 1325 apostoli·

225 1365 258 1405 ca
272 1350 443 1418 corrigereet
452 1345 607 1402 emendare.
624 1343 664 1398 Ati
679 1344 731 1399 hoe
744 1345 816 1399 enirn
826 1344 924 1400 divina
933 1344 1024 1413 dispo·

228 1440 333 1495 33113313
347 1436 579 1508 (31333133113313)
599 1432 719 1506 provisio
741 1434 839 1505 gradus
849 1435 980 1491 diversos
995 1442 1025 1490 31

227 1530 337 1586 ordines
350 1527 490 1585 constituit
504 1540 564 1582 esse
584 1525 735 1589 distinctos,
759 1532 790 1580 ut
812 1525 875 1580 dum
895 1542 1022 1581 reseren-

228 1621 293 1674 tiam
307 1619 426 1674 minores
446 1616 599 1686 potioribus
612 1615 788 1679 exhiberent,
800 1622 829 1670 et
841 1617 961 1686 potiores
975 1616 1024 1670 nri·

227 1711 338 1766 nuribus
349 1708 523 1764 dilectionem
537 1705 733 1777 impenderent,
747 1722 798 1761 una
812 1707 962 1763 concordia
973 1706 1022 1763 be·

1036 532 1060 591 A
1075 525 1194 597 moniales
1209 534 1287 591 sunt,
1300 526 1347 583 sed
1361 526 1529 597 inpotesttte
1538 528 1566 581 ct
1575 523 1672 582 ordine
1685 523 1883 598 (sicutnustisit

1073 614 1162 673 dillcrt
1175 618 1244 672 31133
1256 617 1291 672 ab
1305 616 1401 672 311333.
1418 616 1446 672 Si
1457 629 1522 687 ergo
1533 616 1604 674 inter
1619 617 1669 674 hos
1678 618 1724 689 qui
1733 620 1793 675 sine
1806 636 1871 690 pree-

1073 714 1135 764 catn
1148 718 1212 763 sunt
1221 715 1329 764 constet
1342 708 1422 763 istam
1437 721 1497 763 esse
1511 706 1730 772 distinctionem,
1742 710 1803 779 quis
1816 709 1870 781 bo·

1073 800 1174 855 minum
1187 800 1308 864 3133331,
1323 798 1441 854 libenter
1454 798 1561 853 illorum
1574 813 1605 855 se
1625 797 1793 869 dispositioni
1806 800 1871 857 sub-
1964 798 1970 803 ’

1074 891 1202 948 mittere?
1223 891 1273 947 llic
1295 889 1385 963 illine)
1410 890 1482 949 enim
1506 904 1559 961 pax
1577 892 1888 949 etearitasmutuase

1073 983 1133 1041 rice
1144 982 1377 1054 complectuntur,
1393 988 1421 1037 31
1432 989 1525 1039 313331
1537 980 1613 1037 linea
1627 983 1781 1050 concordia,
1797 999 1829 1040 ac
1843 985 1871 1040 in

1073 1075 1177 1130 alterna
1189 1081 1217 1130 ct
1231 1074 1286 1129 beo
1297 1073 1394 1144 placita
1407 1072 1553 1129 dilectione
1567 1073 1717 1129 sinceritas.
1733 1072 1801 1141 Quia
1817 1074 1870 1143 igi-

1073 1164 1331 1236 turunumquodque
1342 1164 1487 1221 salubriter
1497 1171 1560 1220 tunc
1573 1164 1727 1236 completur
1738 1163 1869 1235 31331333,

1073 1272 1134 1313 cum
1146 1256 1227 1312 luerit
1241 1268 1309 1333 unus
1323 1254 1356 1309 ad
1370 1270 1450 1325 quein
1464 1255 1548 1327 possit
1562 1253 1676 1322 recurri,
1691 1257 1867 1326 praepositus:

1072 1357 1136 1405 rote
1150 1355 1243 1404 333133
1263 1347 1404 1403 caritatem
1429 1354 1502 1400 tuam
1516 1346 1601 1402 latere
1615 1345 1739 1402 nolumus
1753 1388 1761 1414 ,
1776 1362 1810 1403 ne
1823 1348 1869 1417 qui

1073 1440 1208 1513 particeps
1214 1439 1265 1495 luit
1273 1438 1639 1509 sollicitudinis,gaudiorum
1650 1433 1868 1512 lructusllruetu)

1073 1533 1202 1606 reddatur
1215 1531 1341 1588 extorris.
1352 1529 1386 1585 Et
1399 1528 1461 1586 ideo
1472 1529 1710 1600 Carthaginensem
1723 1529 1869 1601 (Conuen-

1074 1624 1277 1695 tinopolitauam
1289 1622 1358 1695 leges
1376 1620 1446 1694 opud
1459 1619 1644 1694 llormirrlarn)
1668 1620 1817 1678 Ecclesiam
1836 1623 1870 1677 ad

1072 1714 1291 1770 communionem
1306 1720 1425 1769 nostram
1444 1712 1545 1768 redisse
1559 1712 1681 1785 (domino
1695 1715 1870 1793 propitiante)

226 1810 269 1857 ret
282 1817 315 1857 ex
326 1799 481 1855 diversitate
494 1798 642 1865 contextio,
649 1806 677 1854 et
686 1805 760 1854 recte
774 1796 922 1855 officiorum
936 1813 1020 1869 gene·
1076 1804 1245 1860 tradentibus
1267 1802 1449 1873 signiucamns
1472 1803 1606 1874 alloquiis,
1627 1813 1655 1859 et
1669 1803 1869 1873 mandaturum,

226 1902 332 1949 raretur
346 1887 506 1962 (gereretur)
521 1888 720 1947 administratio
738 1890 914 1960 singulorum.
929 1893 1022 1963 Neque
1038 1896 1058 1955 li
1073 1911 1133 1967 quaa
1158 1895 1253 1965 legatis
1280 1894 1379 1950 nostris
1407 1892 1539 1959 dedimus,
1563 1900 1662 1949 seriem
1691 1895 1718 1949 in
1745 1896 1869 1951 nurnibus

227 1985 299 2041 enim
314 1982 475 2038 universitas
487 1982 539 2036 alia
559 1982 660 2051 poterit
680 1982 786 2039 3311333
797 1984 954 2051 subsistere,
968 1986 1021 2041 nisi
1072 1986 1155 2043 inisse
1185 1985 1356 2056 completam.
1388 1984 1427 2039 113
1458 1999 1512 2055 qua
1535 1991 1637 2054 parte,
1665 1995 1694 2040 ut
1725 1985 1760 2041 ad
1784 1987 1868 2042 dilcc-

226 2075 379 2148 hujusmodi
407 2088 518 2143 magnus
541 2086 602 2128 eam
623 2072 783 2130 dilierentlae
803 2075 871 2131 ordo
889 2085 1020 2133 33333331.
1073 2081 1173 2138 tionem
1195 2086 1269 2133 tuam
1295 2076 1402 2147 plenius
1433 2077 1554 2147 perlecto
1589 2077 1715 2146 gaudium
1743 2080 1869 2149 perseni-

124 2210 126 2214 ,
225 2169 293 2236 Quia
306 2183 372 2224 vero
385 2179 500 2238 333333
513 2173 639 2221 creatura
653 2165 680 2222 iu
697 2182 750 2220 333
764 2166 913 2240 eademque
927 2178 1021 2239 aequa-
1072 2179 1124 2238 ret,
1136 2170 1219 2227 libelli
1230 2169 1327 2226 Eulalii
1338 2170 1347 2191 ⁶
1357 2168 1447 2224 lratris
1456 2177 1485 2225 et
1496 2169 1698 2237 consacerdotis
1710 2170 1867 2225 nostriCae

127 2262 134 2269 ‘
226 2261 305 2316 litate
319 2257 461 2328 gubernari
472 2255 516 2312 rel
527 2256 620 2313 virere
634 2270 688 2312 uon
698 2264 797 2328 potest,
812 2257 961 2314 celestium
975 2258 1023 2314 mi·
1072 2261 1239 2330 theginemis
1249 2260 1381 2330 epiceopi,
1391 2266 1420 2315 et
1429 2256 1573 2315 iustiniani
1582 2258 1783 2319 clementissimi
1797 2262 1867 2331 prin-

225 2347 1021 2424 h'tiarumexemplanosinstruunt(exemplernosinstruith
1073 2354 1140 2424 cipis
1150 2352 1268 2409 Orientis
1278 2366 1415 2415 sacrarum
1428 2351 1593 2424 exemplaria
1608 2351 1772 2408 credidimus
1784 2352 1867 2410 lesti-

226 2438 1021 2529 331333333131333313,31313331333311,133313313333
1073 2442 1171 2528 nanda,
1187 2442 1337 2498 iudicantes
1363 2440 1539 2497 nihilominus
1564 2457 1613 2513 per
1638 2436 1755 2498 Orientis
1779 2452 1867 2513 partes

263 2562 276 2592 ⁸
291 2548 423 2623 Epistola]
438 2550 626 2622 Hac'epistola
638 2552 750 2618 dicitur,
764 2549 956 2625 atemporibus
970 2554 1023 2612 lio-
1073 2553 1263 2612 Persecutione
1275 2551 1440 2615 vandalica.
1460 2561 1542 2623 eaput
1553 2553 1672 2609 omnium
1686 2552 1866 2611 Ecclesiarum

226 2622 316 2684 nilaeii
327 2630 355 2678 et
364 2621 502 2680 coelestini
514 2621 682 2694 pontidium,
696 2622 850 2685 Africanam
860 2623 1020 2692 Ecclesiam,
1073 2625 1179 2697 publice
1188 2624 1342 2695 proibetur.
1357 2620 1444 2689 Quint
1458 2623 1530 2748 guod
1544 2624 1658 2694 gentiles
1670 2633 1698 2680 et
1720 2625 1812 2681 Ariani
1827 2628 1867 2697 (ut

225 2704 338 2767 propter
357 2693 474 2748 inrisum
494 2692 544 2763 ipsi
566 2693 674 2750 modum
694 2694 887 2766 prosequendae
902 2696 1023 2767 appella·
1072 2695 1164 2750 ridere
1177 2702 1218 2750 est
1239 2694 1309 2763 apud
1320 2693 1444 2750 eumdem
1487 2693 1597 2749 ictorem
1612 2694 1657 2749 lib.
1671 2693 1868 2754 rdePersecu·

226 2765 308 2822 tionis
318 2762 353 2819 ad
371 2762 463 2819 sedem
478 2762 655 2846 apostolicam
668 2764 851 2835 interposite,
865 2782 948 2836 opera
965 2766 1022 2822 Au·
1073 2760 1867 2839 11333133331133,3163333313333(1331331313333333.

225 2832 398 2892 3311111331133
419 2833 520 2891 incusas
540 2833 659 2905 episcopi
671 2835 816 2890 schismate
828 2835 941 2891 dinisam
961 2851 1023 2895 esse
1072 2833 1119 2905 ab)
1134 2834 1274 2892 Airieanos
1285 2833 1452 2897 catholicos,
1468 2833 1606 2890 Romanos
1619 2848 1652 2902 ap
1672 2834 1800 2902 ellarint',
1812 2849 1865 2890 nou

226 2907 260 2962 ab
271 2905 390 2960 Ecclesia
401 2846 576 2983 {lemannus
596 2917 630 2958 ue
637 2903 749 2960 ulterius
757 2902 798 2961 uti
808 2906 1023 2966 communicasse
1068 2906 1267 2973 clinicorum,
1278 2902 1634 2976 quanrguodcumliomane
1695 2903 1761 2979 lesia
1772 2905 1800 2959 in
1816 2905 1867 2962 lide

225 2973 358 3046 usquead
372 2982 494 3043 tempora
508 2918 639 3029 sentiscit
653 2988 730 3044 papie
743 2974 868 3041 secundi;
884 2992 945 3033 cum
966 2977 1022 3033 Eu·
1073 2984 1102 3031 et
1115 2975 1245 3044 religione
1257 2974 1496 3039 communicarent,
1509 2973 1621 3055 ejusque
1635 2983 1772 3043 pastorem
1786 2974 1886 3030 chri.-

225 3045 305 3101 lalius
319 3043 539 3112 Carthaginensis
563 3042 722 3113 episcopus,
733 3058 788 3113 pro
810 3045 927 3102 ineunda
951 3061 1021 3103 con·
1073 3046 1108 3102 sti
1123 3046 1261 3110 vicariurn,
1276 3044 1334 3117 pari
1344 3042 1410 3098 culti
1424 3058 1518 3099 omncs
1529 3045 1556 3097 in
1568 3043 1664 3099 litteris
1675 3044 1731 3100 suis
1745 3046 1867 3115 colerent

226 3114 319 3172 cordia
336 3121 366 3169 et
388 3111 572 3182 recuperanda
600 3111 731 3168 liemarum
751 3112 883 3171 Ecclesiae
900 3116 1022 3174 3331313-
1073 3123 1101 3171 31
1113 3114 1300 3171 observarent.

225 3187 327 3254 niune,
341 3181 468 3255 predicto
488 3179 628 3239 Bonilacio
642 3182 761 3241 libellum
775 3186 924 3256 supplicem
939 3187 1019 3244 obtu·
1108 3184 1176 3243 Cum
1189 3186 1281 3254 itaque
1294 3198 1327 3240 ex
1351 3183 1393 3239 bis
1408 3181 1579 3240 manilestum
1596 3185 1633 3240 sit
1648 3183 1803 3240 Africanam
1816 3184 1867 3241 Ee-

225 3253 309 3321 lisset,
326 3253 406 3310 etsie
425 3253 459 3308 ad
474 3252 693 3309 communionem
703 3255 837 3311 rediisset.
854 3255 919 3323 Qun
929 3259 1019 3317 omnia
1033 3270 1056 3334 c
1072 3255 1182 3315 clesiam
1193 3272 1246 3311 noxi
1257 3252 1867 3321 33333333333331133333331133133133υηί·

225 3322 728 3384 3333333311113333131331331313133.
963 3332 969 3361 ·“
1073 3336 1129 3388 1313
1143 3337 1171 3382 31
1184 3324 1373 3382 communione
1394 3323 1560 3390 descivisse,
1576 3341 1669 3380 uerum
1684 3327 1772 3396 potius
1793 3341 1867 3381 eam-

260 3395 327 3452 Nam
340 3393 512 3449 manilestum
532 3401 574 3448 est
590 3393 808 3453 communionem
821 3395 955 3453 Alricanic
967 3397 1021 3457 Ec·
1072 3396 1144 3460 dem,
1159 3396 1241 3453 etiam
1256 3394 1451 3463 persecutionis
1460 3402 1591 3465 tempure,
1600 3396 1675 3450 velut
1688 3404 1801 3449 matrem
1811 3410 1867 3451 sun
1922 3444 1926 3451 .

202 3482 207 3491 ¹
225 3467 314 3526 etesiae
327 3481 342 3521 a
356 3463 495 3520 Bonilaeio
509 3463 531 3530 l,
543 3461 691 3520 Caelestino
701 3480 849 3536 eorumque
859 3470 1020 3525 suecessori-
1072 3467 1238 3534 aliarumque
1250 3464 1434 3523 Ecclesiamm
1446 3467 1596 3534 agnouisse,
1604 3466 1664 3538 quis
1677 3465 1801 3520 falsitatis
1811 3482 1866 3521 nou

224 3539 276 3595 bus
288 3534 428 3609 pemrultis
440 3549 526 3606 usque
540 3533 574 3591 ad
588 3532 755 3593 Bonilacium
764 3536 799 3604 ll,
820 3536 972 3606 nequidem
987 3540 1021 3595 ad
1072 3545 1168 3606 arguat
1181 3536 1250 3592 hanc
1263 3535 1425 3606 epistolam,
1445 3551 1499 3606 qua
1512 3534 1633 3591 Eulalius
1642 3534 1739 3605 aliquis
1752 3535 1866 3592 Cartha*

225 3608 305 3665 unius
316 3606 506 3676 dieiepatium,
522 3605 653 3662 authore
666 3604 745 3662 unius
758 3617 924 3663 momentum
936 3610 1020 3665 inter·
1071 3607 1189 3676 ginensis
1210 3606 1355 3676 episcopus
1369 3621 1419 3676 pro
1443 3606 1599 3675 integranda
1621 3607 1720 3661 unione
1746 3606 1867 3663 libellum

225 3681 307 3735 cisam
318 3676 410 3733 luisse.
426 3673 551 3732 Aurelius
564 3677 650 3747 etqui
663 3692 724 3732 cnm
737 3678 904 3734 conivebant
916 3676 1020 3736 Coeles-
1072 3676 1321 3740 3313113333131133,
1345 3675 1454 3745 quando
1469 3690 1564 3732 omnies
1587 3675 1713 3747 episcopi
1729 3676 1865 3743 catholici,

224 3751 282 3809 tino
301 3748 593 3814 communicarunt,ut
625 3747 820 3803 atetexllnee
840 3749 950 3804 ’3131333
970 3765 1020 3806 no·
1072 3754 1203 3816 regnante
1225 3744 1354 3801 Gilimere
1382 3759 1446 3814 rege
1465 3746 1577 3816 Ariane,
1603 3744 1779 3801 exsulabant?
1801 3744 1865 3812 Quis

224 3821 291 3875 dicae
303 3817 375 3873 illius
388 3831 469 3888 quam
483 3831 518 3871 ex
529 3763 646 3872 enolfus
660 3816 786 3873 Airicauo
800 3833 815 3872 a
847 3819 933 3889 ipsum
942 3765 1022 3875 ‹fede-
1071 3816 1205 3872 mendacii
1220 3832 1273 3870 uun
1283 3826 1394 3872 accuset
1408 3831 1467 3872 eam
1483 3830 1560 3884 qun,
1575 3817 1685 3872 sedente
1697 3816 1866 3871 Alexandria

220 3891 298 3954 -runt,
313 3887 359 3941 ubi
375 3887 415 3940 sic
432 3886 576 3940 scribunt:
599 3885 727 3940 Dominus
747 3894 835 3941 noster
857 3890 1021 3943 sanctitatem
1072 3886 1214 3941 Timotheo
1230 3886 1289 3955 ejus
1303 3886 1419 3941 nominis
1429 3886 1509 3941 tertio
1524 3888 1652 3959 episcopo
1666 3886 1804 3950 haeretico,
1816 3884 1866 3941 bn-

225 3966 335 4014 oertrom
349 3971 402 4010 coo
416 3954 532 4026 longiore
545 3964 664 4010 orontem
683 3971 731 4027 pro
741 3955 815 4011 neiis
827 3958 966 4024 33333131,
977 3959 1022 4013 do·
1071 3957 1143 4024 gitur
1156 3956 1189 4011 ad
1204 3955 1338 4011 Eulalium
1354 3954 1563 4013 Alexandrinum
1579 3956 1679 4029 (nullus
1693 3957 1744 4011 hoe
1758 3956 1866 4012 nomine

225 4030 294 4089 minc
317 4027 409 4097 [rotet.
422 4023 486 4092 Qum
508 4038 575 4079 sane
595 4033 695 4083 mutum
710 4026 803 4096 pacis,
830 4026 984 4083 concordie
994 4036 1022 4083 et
1072 4025 1269 4081 Alexandrinus
1282 4027 1350 4082 vixit
1363 4027 1517 4096 episeopus,
1534 4034 1564 4080 ut
1576 4034 1651 4097 patet
1664 4031 1698 4082 eir
1713 4026 1865 4096 Nicephoro

217 4095 423 4154 communionis
433 4094 596 4151 catholicaes
615 4093 714 4158 munta,
728 4095 757 4150 in
767 4094 887 4154 lormatis
897 4099 1021 4168 usurpari
1072 4095 1865 4168 aliisqneiamistitemtransmissaiQuiedeniqueimposture

226 4168 315 4230 sulita,
328 4165 362 4221 ad
381 4165 550 4236 pontilicem,
562 4111 637 4222 refut
650 4164 851 4223 schismaticum
870 4182 924 4222 non
936 4170 1021 4240 scrip·
1072 4175 1101 4222 et
1114 4166 1207 4222 lraude
1221 4167 1402 4237 plenissimam
1417 4182 1477 4223 esse
1491 4182 1546 4224 non
1560 4167 1648 4233 dicat,
1674 4182 1727 4236 qua
1740 4166 1866 4222 scribitur

225 4234 1020 4307 313331333131131333331133133133313333333333131333313
1072 4234 1866 4297 AfricanamEcclesiamultraeentumannosschismaticam

226 4307 345 4363 maxime
358 4320 431 4371 cum,
447 4312 517 4362 teste
541 4306 583 4362 Au
602 4307 702 4371 ustino,
718 4306 833 4378 epistola
853 4306 907 4362 tia
930 4309 1022 4365 311611
1039 4328 1042 4333 ’
1072 4306 1166 4375 luisse,
1180 4321 1239 4375 quae
1252 4306 1404 4377 nequidem
1417 4307 1496 4361 unius
1510 4306 1584 4367 horae
1598 4308 1686 4378 spatio
1710 4308 1744 4362 ab
1763 4307 1865 4361 unitate

226 4376 353 4451 predicta
363 4376 444 4431 verba
458 4377 493 4433 ad
506 4320 656 4436 331133ῗί333
669 4377 811 4446 duntaxat,
823 4394 878 4434 non
893 4378 925 4434 ad
938 4379 1022 4436 331313-
1073 4376 1199 4433 Ecclesia
1206 4377 1370 4433 Romaniese
1386 4391 1503 4445 unquam
1526 4378 1646 4434 reciditt
1655 4374 1804 4448 Oportebat
1813 4376 1867 4433 talu

228 4448 342 4505 malicus
354 4445 436 4501 scribi
454 4448 655 4506 mutuaverint.
679 4446 718 4503 Oe
745 4447 894 4517 Augustino
920 4447 1021 4507 Aurelii
1073 4457 1256 4503 commentum
1270 4446 1436 4517 excogitare,
1452 4455 1481 4502 ut
1505 4393 1683 4517 Korasion,
1711 4445 1864 4514 Eirgcnios,

221 4518 330 4587 ‚collega
341 4514 435 4572 scribit
457 4515 745 4588 Goelestinusepistola
758 4518 817 4573 ade
837 4518 893 4573 iseo
912 4534 943 4576 os
955 4517 1021 4575 Gal·
1072 4516 1738 4586 Fulgentius,virnssanctitateceleberrimos,cum
1746 4515 1887 4582 bruelio..

226 4592 278 4655 lin,
293 4584 409 4658 capitei
423 4603 430 4639 τ
444 4586 721 4671 luminosissimae
730 4603 803 4642 recor
822 4588 918 4645 ationis
927 4590 1020 4659 uirum,
1073 4603 1152 4657 quem
1168 4589 1218 4712 ἰΒ31
1232 4587 1384 4644 schismatis
1396 4596 1554 4655 auctorem,
1573 4582 1691 4658 Prosper
1705 4601 1769 4641 veru
1784 4585 1865 4655 Aqui*

225 4678 272 4733 pro
288 4660 346 4715 uite
357 4672 412 4715 inte
426 4657 1020 4731 33311313333133333333313333333333133-
1035 4639 1161 4723 liranus,
1197 4666 1314 4712 31333331
1328 4658 1416 4729 dignae
1426 4655 1873 4714 33333331133333333333333113313·

183 4758 190 4769 ·
225 4732 336 4794 inimus,
359 4735 412 4783 313.
424 4726 586 4797 capreolum
600 4727 740 4796 Augustini
753 4743 956 4795 successorem,
977 4746 1022 4786 33-
1073 4735 1144 4792 tem,
1161 4728 1269 4783 echitis
1283 4729 1377 4798 331313
1396 4729 1476 4789 ciuem
1490 4731 1619 4800 appellnt,
1641 4739 1701 4784 eum
1716 4724 1866 4794 agminibus

225 4808 369 4856 crosaneto
392 4797 561 4857 oecumcnico
586 4797 702 4855 concilio
727 4796 873 4869 Ephesius,
898 4799 933 4856 ad
988 4816 1022 4857 ue
1073 4799 1231 4869 quibusdam
1243 4808 1551 4871 sanctorummartyrum
1565 4815 1597 4858 ae
1611 4798 1805 4860 consessorum,
1819 4795 1865 4864 qui

226 4873 358 4925 ninivense
369 4868 506 4934 Ecclesiae,
524 4884 572 4940 pcr
581 4867 686 4924 litteras
698 4877 727 4925 et
735 4868 850 4938 legatos,
863 4871 970 4927 ibidem
995 4887 1023 4927 o
1074 4877 1196 4940 tempore
1216 4868 1410 4937 persecutionis
1424 4866 1576 4929 Vandalicas
1587 4885 1645 4940 ¹⁴pro
1663 4867 1715 4931 ilde
1733 4865 1865 4923 catholica

227 4937 338 4997 nnriltee
350 4948 486 5011 acceptos,
500 4939 724 5004 communicasse,
735 4939 828 4996 ridere
842 4949 884 4996 est
900 4956 934 4996 cx
949 4944 1021 4999 notis
1073 4939 1215 5005 obierant,
1231 4954 1247 4994 e
1259 4939 1399 4994 matricula
1413 4947 1441 4994 et
1452 4955 1529 4995 sacra
1543 4948 1700 4996 sanctornm
1714 4935 1806 4992 tabula
1819 4950 1865 4991 ex·

226 5009 345 5078 ejrrsdcrn
358 5008 465 5067 concilii
475 5026 578 5080 supra..
590 5008 769 5066 successores
782 5008 914 5067 3113133333
928 5010 1023 5070 113313ὸ
1072 5026 1193 5082 pungere
1213 5017 1338 5134 gossem
1361 5007 1429 5064 Nam
1451 5011 1474 5066 si
1501 5011 1605 5079 integro
1624 5008 1722 5065 abhinc
1749 5006 1865 5088 seculo,

138 5094 143 5101 ·
225 5082 271 5134 sie
291 5080 454 5149 episcopos,
474 5096 523 5150 per
541 5081 646 5136 litteras
660 5078 839 5149 quaestionum
854 5081 1020 5138 diuersarum
1072 5096 1198 5150 nempea
1236 5075 1866 5149 33113313333333333313333333,Α1333333

225 5149 389 5206 solutionem
405 5158 538 5218 petentes,
549 5151 604 5205 Leo
619 5148 740 5218 pontilex
750 5149 892 5209 instruxit:
903 5150 1022 5209 llilarius
1073 5147 1865 5219 1333331313333133313333333333311,311111331311313333

186 5278 187 5281 ,
209 5219 335 5290 ,eosdem
350 5215 631 5279 331133333133331111
649 5220 800 5277 decisiones
808 5222 928 5292 recepit.
943 5220 1022 5293 Sym·
1072 5221 1170 5290 aliquis
1183 5220 1302 5290 legitima
1323 5235 1423 5275 corona
1438 5221 1559 5293 martyrii
1574 5216 1704 5292 impertiri
1718 5217 1761 5272 rel
1775 5216 1866 5284 aliquo

227 5290 337 5345 iriaehus
356 5302 426 5358 papa
440 5287 574 5357 relegatos
592 5290 618 5344 in
637 5290 788 5347 Sardiniam
803 5292 823 5346 a‘
833 5290 1022 5349 'l'rasamnndo
1072 5291 1249 5366 consessionis
1263 5291 1374 5360 prumia
1388 5293 1522 5347 munerari
1538 5291 1676 5361 potnerit,
1691 5287 1867 5345 333333331-

226 5374 289 5428 rege
307 5358 407 5417 Ariane
423 5358 496 5428 parit
510 5367 591 5429 atque
603 5363 718 5417 33311311.
734 5359 800 5416 bum
816 5369 940 5432 tempure
960 5378 1022 5434 per-
1072 5361 1109 5416 mi
1133 5361 1253 5416 oninium
1278 5359 1389 5416 Patrem
1413 5376 1547 5416 33333333
1572 5369 1678 5417 eertum
1698 5359 1748 5421 sit,
1765 5355 1866 5411 nullaru

224 5428 372 5485 secationis
381 5428 515 5511 episcopis
525 5444 557 5484 ac
570 5431 761 5495 sacerdotibus,
777 5439 889 5502 propter
904 5432 1020 5489 edictum
1071 5441 1219 5502 pusseesse
1230 5432 1461 5491 schismaticorum
1473 5446 1611 5495 eoronam,
1637 5438 1667 5487 ut
1686 5430 1878 5499 otequecnon‘

225 5501 296 5623 33ἱὶ3
309 5498 343 5555 de
363 5498 423 5554 alhs
445 5499 580 5570 episcopis
604 5501 732 5557 inlocum
755 5500 944 5559 defunctorum
966 5519 1019 5560 333
1072 5500 1132 5557 31113
1144 5516 1224 5571 quiam
1238 5502 1265 5557 in
1280 5501 1517 5559 stadiocatholicte
1529 5500 1656 5557 Ecclesia
1677 5500 1788 5571 egitime
1807 5512 1866 5552 cer-

140 5563 142 5566 ’
157 5622 160 5627 ,
224 5586 256 5625 33
276 5567 414 5638 rogandis,
429 5568 646 5634 destituerentur,
655 5569 775 5628 Ruinam
791 5567 913 5631 Ecclesia
925 5573 1021 5631 iisdem
1073 5572 1211 5637 13311133,
1225 5572 1399 5629 concedatur.
1414 5569 1482 5629 ¹lide
1497 5573 1595 5627 baron.
1609 5572 1639 5627 in
1660 5571 1732 5627 33113
1753 5576 1864 5638 martyr:

225 5640 363 5695 ministros
377 5639 505 5711 baptismi
517 5640 687 5708 aliorumque
700 5654 931 5702 sacramentorum
955 5661 1021 5716 pro·
1073 5643 1117 5700 die
1130 5641 1164 5696 lli
1177 5638 1288 5700 Octobr.
1300 5644 1324 5696 i.
1340 5642 1412 5697 ‘ltem
1433 5657 1466 5697 ea
1489 5658 1549 5713 quae
1571 5642 1723 5699 3313313333
1743 5654 1824 5709 supre
1840 5637 1866 5694 iu

224 5710 339 5787 curavit,
357 5718 386 5765 ut
400 5718 506 5766 constat
522 5727 556 5766 ex
572 5711 680 5767 Victore
692 5711 763 5767 libro
778 5715 911 5785 primodo
924 5708 1020 5772 l‘erse·
1072 5714 1188 5771 chneiliu
1211 5714 1327 5783 Carthag
1365 5727 1391 5769 ni
1402 5753 1416 5779 ,
1434 5713 1531 5769 uerbo.
1545 5712 1699 5769 1333311333.
1715 5710 1791 5787 ι833.
1814 5707 1866 5763 lir-

224 5783 334 5838 cutione
348 5778 505 5836 vandalica:
525 5781 640 5838 Sanctus
655 5781 791 5851 Eugenius
803 5783 1022 5855 Carthaginensis
1073 5801 1141 5843 ntus.
1642 5820 1645 5825 ·
1785 5838 1788 5843 ,

224 5854 377 5920 episcopus,
394 5851 420 5906 in
435 5851 544 5923 publico
557 5861 693 5915 33333313
705 5869 767 5909 cum
781 5855 886 5910 Arianis
901 5866 1020 5922 aeturus,
1110 5860 1118 5877 '
1133 5852 1255 5926 Episcopi
1269 5853 1324 5909 GP.
1336 5864 1362 5909 ct
1374 5851 1484 5925 3331131,
1495 5856 1577 5911 habet
1589 5855 1696 5915 llorm..
1710 5870 1744 5910 cx
1757 5845 1868 5924 quoad

225 5922 373 5981 Ecclesiam
386 5921 544 5979 Romanam.
560 5930 630 5979 teste
644 5923 739 5981 eudem
753 5924 863 5981 11131333
876 5924 945 5978 librn
957 5941 974 5955 ··
988 5926 1020 5965 a.
1073 5924 1189 5983 33331333
1203 5933 1278 5997 patet
1289 5926 1360 5979 13333
1374 5926 1575 5999 interpolatoris
1590 5925 1704 5982 ridiculi.
