4070 6326
228 332 280 395 itte
740 317 770 377 8.
783 310 966 375 succubuit
976 303 1331 367 urlscbntnusrultsts
1800 298 1854 360 tlt
2021 308 2023 377 l

228 462 283 505 sue
292 443 410 500 debitum
424 439 533 496 reddat:
548 438 596 494 sed
608 437 713 492 heatior
725 448 785 523 quse
798 429 886 499 soluta
899 429 939 485 sic
953 441 1017 497 per·
1030 428 1057 490 Α
1069 425 1243 481 auterantur:
1258 426 1327 481 sicut
1336 432 1378 480 est
1390 421 1526 511 copulatio
1538 420 1691 491 conjugum,
1702 419 1856 491 procreatio

196 534 202 555 ‘
229 541 320 603 manet
333 536 453 607 innupta,
465 548 499 587 ne
512 531 618 593 debeat.
1067 516 1195 598 illiorum,
1208 517 1370 572 abundantia
1379 515 1558 587 ,divitiarum
1573 510 1743 571 incolumitas
1756 526 1854 585 eorpo-

199 604 205 621 ’
264 624 328 694 cur.
350 640 396 679 ru.
414 621 561 678 Consolatio
582 618 674 674 vidue.
689 613 781 668 -ll.
806 608 922 679 Proinde
940 609 967 665 in
983 623 1016 664 eo
1067 615 1178 671 tumet
1191 607 1214 664 sl
1227 615 1358 678 quaesunt
1372 607 1487 673 similia;
1503 620 1562 678 quae
1575 620 1667 677 perse
1681 620 1732 662 nee
1744 605 1859 662 miseros

228 714 301 788 quod
314 712 499 787 excqrriugata
513 708 582 764 lacta
597 705 834 771 esvidua,donum
848 701 1015 758 bolanorum
1068 696 1194 754 bomines
1215 704 1328 773 possum
1352 696 1452 767 iacere,
1465 712 1516 754 nec
1538 696 1642 752 ιιιιιι.
1657 694 1723 752 ideo
1747 694 1805 752 baso
1831 704 1859 751 et

230 805 279 862 tibi
294 803 378 873 magis
396 800 529 864 existima,
554 813 607 853 non
631 797 768 851 ablatum:
785 805 873 863 neque
895 789 968 846 enim
989 795 1018 843 te
1068 788 1148 845 bonis
1166 796 1195 844 et
1216 788 1294 844 malls
1320 803 1337 844 a
1364 786 1479 843 Βιιιιιι
1492 786 1600 853 dantur,
1616 791 1645 842 ιι
1665 799 1859 857 nonnunquam

230 888 357 961 deseruit,
371 895 416 967 qul
436 891 483 957 tibi
504 889 668 961 sequendam
683 888 754 942 niam
767 885 829 941 ritae
841 882 961 940 melioris
973 896 1019 938 os-
1069 880 1148 937 boob
1160 879 1291 951 malisque
1301 879 1428 936 diuinitus
1442 877 1611 935 suieruutur.
1636 890 1645 901 ·

230 987 326 1044 terrdit.
337 982 470 1040 Gradibus
489 988 517 1036 te
536 979 621 1036 roluit
634 977 763 1033 Dominus
776 975 810 1030 ad
823 974 936 1030 meliora
949 984 1018 1027 coa·
1107 974 1151 1029 lii.
1171 972 1270 1029 beatum
1283 972 1333 1029 luit
1353 971 1405 1028 iob
1425 987 1487 1028 cum
1501 971 1637 1032 ludirltils
1654 970 1862 1040 imterireretq

231 1079 372 1142 scendere,
386 1086 414 1131 ut
428 1074 552 1151 primitus
572 1071 620 1144 (al.
634 1068 717 1142 prius)
733 1068 874 1137 coniugata
889 1081 950 1122 cum
964 1078 1019 1118 uno
1070 1063 1121 1120 ssd
1143 1064 1249 1120 beatior
1260 1078 1321 1119 cum
1349 1065 1376 1118 ln
1396 1068 1556 1133 paupertate
1578 1061 1677 1132 iustior
1699 1063 1859 1119 exstitisset.

231 1170 291 1231 viro
307 1169 422 1226 iideliter
435 1168 560 1232 cineres,
575 1179 629 1236 quo
650 1144 820 1235 postmodum
834 1159 892 1216 sine
905 1157 1021 1214 difficul-
1071 1155 1170 1211 Beatus
1184 1153 1234 1208 init
1247 1169 1310 1209 cum
1320 1154 1414 1210 decem
1427 1151 1640 1209 circumdaretur
1652 1151 1723 1221 tiliis,
1734 1155 1780 1208 sed
1794 1155 1862 1209 bea·

233 1271 290 1320 tate
313 1263 414 1332 absque
427 1259 486 1315 uiro
501 1257 579 1312 vidua
599 1268 780 1327 permaneres.
802 1250 842 1306 td
868 1248 920 1305 boc
940 1246 1023 1317 igitur
1072 1248 1199 1302 tlorcum
1214 1262 1266 1302 una
1277 1254 1436 1303 cunctorum
1447 1245 1526 1302 simul
1540 1246 1656 1303 orbitate
1669 1261 1820 1317 percussus,
1833 1249 1862 1303 in

234 1352 351 1410 animum
365 1338 440 1405 tuum
453 1346 542 1403 diuina
556 1345 640 1415 gralia
652 1339 786 1412 conjugali
801 1338 924 1396 castitate
938 1334 1022 1391 nutri·
1073 1338 1122 1395 uel
1132 1337 1277 1395 dilectione
1285 1339 1433 1410 permansit
1441 1338 1595 1395 immobilis.
1606 1337 1705 1394 lieatns
1717 1341 1797 1394 otiam
1813 1339 1865 1395 init

233 1445 284 1529 rit,
298 1450 329 1500 ut
346 1456 405 1527 quac
423 1438 556 1495 didiceras
578 1435 624 1491 llio
646 1420 818 1489 uno'vivente
839 1428 953 1484 altorum
967 1440 1023 1481 non
1074 1429 1102 1486 in
1121 1431 1242 1501 corporis
1263 1430 1463 1500 sospitateam
1482 1430 1588 1487 beelim
1605 1438 1647 1486 est
1661 1430 1746 1487 laetus
1762 1432 1864 1488 lawr.
1979 1468 1982 1475 .

234 1549 366 1608 querere,
380 1532 498 1588 disceres
509 1528 542 1583 ab
553 1524 628 1583 omni
642 1525 700 1580 viro
710 1522 789 1578 rldua
802 1518 950 1576 continere.
962 1514 1023 1571 Noli
1074 1536 1151 1577 nere.
1175 1520 1284 1577 beatior
1306 1520 1388 1578 etlam
1415 1520 1442 1576 ln
1465 1535 1563 1578 aeerro
1585 1522 1756 1593 squaloribus
1782 1523 1865 1596 pleno

235 1640 301 1696 crgo
312 1624 445 1693 negligere
455 1619 567 1690 gretiam
580 1630 640 1687 quse
650 1616 677 1671 in
689 1622 716 1670 te
725 1621 782 1669 est:
794 1619 822 1667 et
831 1617 860 1665 tu
871 1610 942 1665 enim
950 1606 1023 1663 nosti
1075 1625 1156 1682 quam
1179 1612 1207 1667 in
1233 1610 1334 1682 palatio
1347 1611 1525 1667 marmoribus
1538 1610 1679 1669 adornato.
1874 1606 1879 1613 “

235 1722 336 1787 quanto
349 1712 445 1779 melius
455 1708 593 1780 sitlugiter
603 1722 618 1761 a
628 1703 773 1762 concubitu
783 1702 931 1765 continere,
942 1711 1023 1769 quam
1112 1702 1157 1757 i'i.
1177 1702 1292 1760 Attende
1302 1703 1384 1760 etiam
1398 1703 1476 1773 duos,
1489 1719 1573 1760 unum
1595 1705 1623 1762 la
1644 1705 1743 1763 divitiis
1756 1715 1784 1764 m
1796 1709 1867 1763 mat.

235 1807 280 1864 uei
305 1820 354 1878 pro
372 1800 503 1879 conjugali
521 1797 684 1856 necomitam
703 1793 892 1851 concumbere·
912 1788 1025 1844 Maritus
1039 1812 1064 1876 b
1078 1802 1134 1850 tate
1148 1794 1286 1862 miserum,
1301 1793 1415 1849 alterum
1426 1793 1453 1849 in
1464 1796 1741 1865 ogmtateotrulnere
1751 1797 1865 1859 multum

236 1903 282 1974 qni
297 1901 344 1956 tibi
356 1900 433 1959 datus
444 1897 531 1953 iuerat
543 1894 578 1951 ad
589 1902 704 1969 tempus,
714 1891 835 1947 discessit
846 1888 873 1943 lu
883 1896 1022 1958 tempore:
1075 1886 1195 1943 boatum.
1210 1884 1289 1940 lilaea
1302 1884 1347 1939 ille
1359 1883 1406 1954 qul
1419 1884 1574 1941 meremor
1583 1901 1698 1959 perpere
1707 1896 1732 1942 et
1742 1886 1828 1960 ipsso,
1839 1899 1868 1945 er

237 1993 316 2050 datus
335 1991 406 2053 enim
428 1989 475 2045 tibi
490 1987 585 2055 lucrat,
600 2001 654 2042 non
668 1981 703 2040 ad
717 1981 810 2055 patriae
818 1978 1024 2048 beatitudinem,
1076 1975 1230 2047 miriatos
1252 1972 1365 2045 moridie
1391 1973 1525 2043 rpiesdida
1548 1974 1625 2049 (bae.
1649 1991 1705 2045 arr,
1717 1974 1867 2050 li),quam

236 2082 284 2149 sed
297 2084 330 2139 ad
340 2081 442 2139 itineris
456 2076 677 2136 consolationem.
721 2060 725 2069 ¹
1076 2065 1166 2122 inanis
1179 2064 1229 2120 luit
1252 2064 1280 2120 iu
1294 2062 1348 2120 illis
1369 2065 1472 2136 epuiis,
1485 2080 1566 2138 quam
1581 2082 1683 2139 pauper
1701 2066 1728 2123 in
1745 2069 1869 2125 multitu·

274 2171 317 2226 lt.
331 2172 390 2227 lilia
403 2171 501 2247 quippe
512 2176 575 2224 sunt
587 2165 634 2222 liei
646 2164 727 2230 dona,
747 2176 807 2234 quae
825 2159 899 2217 licus
920 2158 958 2215 ita
972 2156 1027 2214 suis
1077 2155 1524 2226 dinedlritiarurmquamuudusln
1533 2157 1869 2230 pulchritudinerettium,

238 2263 351 2333 largitur
357 2261 480 2317 tinctione
491 2260 518 2315 in
528 2256 653 2331 presenti
664 2263 798 2325 tempore,
813 2259 843 2307 ut
855 2263 949 2306 eornm
963 2262 1028 2304 usus
1077 2263 1158 2320 quam
1169 2245 1291 2303 lotrmos
1313 2248 1340 2303 in
1360 2249 1476 2305 mnitate
1489 2250 1620 2321 corporis,
1632 2265 1712 2321 quara
1732 2249 1870 2313 lameilcnr

239 2357 267 2414 in
281 2357 446 2411 bactantum
460 2352 515 2411 rita
530 2347 698 2407 necessarius
712 2328 918 2414 habeaturque
932 2341 1028 2398 iuturae
1079 2339 1107 2394 io
1121 2337 1262 2392 saturitate
1274 2337 1386 2403 renuis,
1398 2353 1481 2410 qoam
1503 2339 1587 2396 miser
1612 2338 1640 2395 in
1661 2339 1774 2410 gaudiis,
1788 2356 1870 2412 quan

240 2446 434 2517 ritaemeritnm
446 2440 707 2527 compareturmicut
721 2435 918 2494 estcrcdulitas
927 2440 1029 2489 rectam
1079 2428 1216 2487 desolatus
1240 2428 1310 2484 luter
1330 2429 1477 2486 rmioorum
1491 2430 1635 2502 colloquia,
1652 2433 1870 2504 quaradciecms
1929 2464 1936 2473 ·

244 2539 322 2615 155
342 2536 420 2591 iidem
438 2543 452 2573 ⁸
470 2542 580 2597 terrens,
600 2537 629 2587 et
646 2528 767 2603 operatio
779 2525 909 2597 iustitiam
923 2521 1029 2578 miseri·
1079 2521 1285 2592 intorobeequio
1295 2522 1462 2578 servulorum
1474 2522 1482 2576 l
1494 2522 1609 2581 Attende
1619 2539 1727 2596 quoque
1738 2524 1871 2585 isaram

243 2624 416 2699 cordiumque
429 2622 602 2681 custodiens:
615 2618 720 2675 utildes
735 2625 808 2673 recta
821 2629 876 2671 non
889 2613 1031 2669 deseratur
1080 2620 1109 2670 in
1122 2623 1282 2686 paupertate
1295 2616 1415 2684 divitem,
1431 2618 1458 2673 ln
1483 2619 1590 2676 miseria
1604 2619 1724 2688 beatum
1741 2624 1769 2678 iu
1782 2622 1872 2680 inlell-

243 2719 364 2795 caritstiq
386 2715 501 2782 attritio,
526 2727 586 2786 qum
607 2711 635 2767 ln
659 2709 816 2795 operatione
835 2705 1029 2797 cognoscitur:
1081 2708 1165 2764 eliste
1191 2707 1308 2775 lelicem,
1335 2710 1362 2764 in
1385 2710 1540 2767 uulneribus
1567 2725 1672 2779 sanum,
1686 2720 1715 2769 et
1735 2715 1869 2786 quidem·

243 2819 355 2895 propter
373 2809 445 2889 quod
462 2805 606 2883 Apostolus
627 2818 686 2859 eam
700 2800 779 2859 iidem
801 2798 971 2887 probatque·
984 2810 1030 2870 per
1082 2800 1241 2885 sinedomo,
1253 2800 1301 2858 scd
1313 2816 1366 2857 non
1381 2803 1440 2859 sine
1452 2801 1579 2871 domino;
1594 2805 1746 2873 cinerosis,
1759 2809 1805 2863 sed
1816 2824 1869 2865 noc

245 2896 407 2975 dilectiorem
421 2907 543 2975 operetur
557 2892 656 2969 (Galat.
666 2908 694 2979 r,
706 2889 746 2963 bi.
1083 2890 1142 2946 eiue
1153 2889 1221 2956 tide:
1236 2891 1295 2948 sine
1312 2893 1390 2964 150
1400 2893 1470 2949 bona
1491 2894 1645 2952 valetudine
1666 2898 1803 2969 corporis,
1823 2898 1872 2957 sed

281 2989 344 3057 cm.
365 3005 420 3046 run
439 2986 520 3042 Fides
541 2995 565 3040 et
585 2986 702 3053 operatio
716 2981 863 3038 misericors
875 2979 904 3035 in
918 2978 967 3033 boc
980 2977 1033 3047 tite
1083 2997 1138 3038 non
1157 2982 1216 3039 sine
1235 2984 1334 3040 robore
1351 2984 1556 3051 caritatis3eluo
1568 2986 1640 3055 cibo,
1666 2986 1714 3043 sed
1736 3004 1791 3044 non
1815 2991 1873 3046 sine

245 3081 391 3143 necessaris
402 3089 470 3151 runt,
480 3081 509 3134 in
522 3079 608 3152 patrio
621 3093 672 3132 non
682 3082 768 3131 emrst.
781 3103 819 3116 -
831 3070 876 3128 lt.
888 3070 971 3127 liecta
982 3069 1033 3215 igl-
1083 3069 1212 3140 Christo3
1226 3073 1338 3130 canibus
1349 3076 1511 3145 expositum,
1525 3076 1573 3133 sed
1582 3077 1685 3134 seclum
1697 3079 1851 3150 angelorum
1865 3128 1871 3141 ,

247 3184 292 3232 tur
310 3172 376 3241 tides
388 3181 416 3228 et
433 3158 585 3239 misericors
599 3166 721 3239 operatio
735 3164 877 3238 posthanc
890 3162 972 3231 vitam
1004 3176 1033 3217 e-
1045 3184 1070 3248 ο
1084 3159 1130 3232 qui
1141 3174 1195 3216 non
1209 3161 1359 3233 accipiebat
1369 3163 1402 3220 de
1416 3164 1493 3221 micis
1509 3180 1569 3236 quar
1583 3165 1714 3225 cadebam
1732 3170 1768 3226 do
1779 3184 1870 3226 menn

248 3267 347 3331 sinent,
363 3279 425 3321 cum
438 3277 488 3334 per
501 3259 619 3332 speciem
645 3256 789 3324 videbitur,
803 3253 876 3325 quod
889 3267 960 3309 nunc
972 3266 1034 3307 cum
1085 3250 1187 3319 diuitis,
1201 3251 1249 3307 sed
1263 3252 1400 3309 colestem
1415 3252 1464 3327 iai.
1479 3255 1640 3330 coelestium)
1649 3272 1748 3330 paoem
1762 3259 1873 3317 meari.

248 3354 368 3425 creditur
381 3368 435 3409 non
454 3350 578 3416 ridetur3
593 3363 645 3409 nec
668 3347 738 3413 inter
756 3346 851 3401 beatos
873 3344 925 3400 erit
937 3342 1035 3412 aliquis
1085 3341 1136 3398 bus
1146 3342 1270 3397 ructabat
1283 3343 1407 3400 internis.

248 3443 393 3527 miser,cui
401 3440 585 3511 misericordia
596 3445 774 3515 prorogetur.
787 3434 851 3492 linc
865 3442 955 3491 autem
967 3435 1033 3499 duo,
1086 3464 1092 3500 ,
1121 3430 1185 3487 (lar.
1202 3446 1230 3487 r.
1250 3430 1324 3487 bona
1340 3434 1504 3505 temporetis,
1516 3443 1542 3492 et
1559 3436 1634 3505 tene,
1648 3447 1674 3493 ot
1692 3439 1760 3499 ereb
1776 3439 1876 3497 tam·

248 3537 276 3596 ld
298 3544 341 3593 est
363 3533 428 3591 tides
452 3540 480 3589 et
506 3530 637 3603 operatio,
653 3529 691 3586 ita
714 3537 776 3600 post
789 3527 869 3598 hujus
883 3526 944 3582 rita
955 3524 1035 3581 tinem
1087 3531 1137 3589 tur,
1148 3524 1277 3596 pdritcrst
1290 3532 1497 3587 contemnuntur.
1512 3550 1548 3573 -ι
1562 3525 1606 3582 iii.
1626 3526 1690 3586 liaeo
1705 3540 1768 3586 suot
1795 3532 1876 3600 igitur

248 3645 303 3688 non
324 3632 388 3685 sunt
403 3624 606 3690 necessariam
625 3630 688 3678 ante
711 3618 792 3676 linem
807 3618 1036 3676 nonslntullate-
1086 3628 1147 3685 quta
1183 3630 1375 3687 nonnunquam
1411 3617 1481 3675 bone
1513 3620 1655 3688 habentur,
1682 3638 1876 3696 nonnusquam

222 3742 229 3751 ·
248 3738 300 3793 nus
314 3717 471 3781 deserenda.
487 3716 613 3787 Quisquis
635 3715 707 3771 enim
721 3720 785 3769 ante
799 3710 950 3783 linemrltae
965 3726 1035 3782 proe-
1087 3710 1182 3775 maie;
1210 3725 1401 3783 nonnunquam
1420 3712 1490 3769 bene
1510 3723 1728 3784 contemnuntur,
1750 3733 1876 3781 nonnun.

249 3814 332 3873 sentis
350 3810 429 3869 abde
442 3818 516 3864 recta
539 3807 597 3875 sire
618 3805 690 3861 bona
700 3804 858 3879 operatione
871 3803 1035 3885 discesserit,
1087 3815 1168 3871 quam
1188 3802 1267 3859 male.
1282 3801 1356 3860 boue
1375 3803 1475 3874 quippo
1497 3804 1640 3871 habentur,
1654 3820 1716 3871 oum
1737 3809 1765 3863 iu
1778 3823 1876 3867 corum

249 3904 354 3961 etiamsi
367 3903 393 3957 in
407 3900 538 3957 bisontes
548 3906 656 3969 strennue
668 3896 861 3965 vigilanterque
877 3894 1034 3961 cucurrerit,
1088 3907 1139 3948 usu
1159 3893 1241 3951 timor
1263 3891 1310 3949 liei
1336 3894 1560 3963 maturrime
1582 3906 1673 3954 autem
1697 3896 1876 3965 contempnu-

249 4010 299 4075 pro
313 4009 347 4051 eo
361 3991 433 4071 quod
447 3991 481 4046 ab
491 3991 587 4049 itinere
596 3996 672 4044 recto
682 3986 796 4054 desistit,
809 3984 900 4077 perdit
911 3983 1037 4040 meritum
1088 3992 1144 4051 tur,
1155 3999 1216 4040 cum
1232 3984 1258 4039 io
1278 3999 1373 4043 eorum
1395 3993 1553 4058 contemptu
1566 4001 1582 4042 a
1596 4001 1701 4044 summo
1712 3987 1768 4045 beo
1777 3991 1877 4059 gloria,

250 4078 334 4146 totius
344 4083 447 4155 itineris
457 4080 528 4154 quod
539 4080 666 4137 cucurrit.
1088 4089 1144 4131 non
1157 4074 1191 4129 ab
1205 4074 1369 4139 bominibus,
1385 4076 1523 4147 quaeritur.

286 4176 330 4247 ll.
349 4173 416 4235 item
429 4181 493 4233 suunt
504 4171 555 4227 alia
565 4184 625 4261 qum
635 4169 674 4227 sic
686 4168 840 4225 bominibus
854 4167 881 4223 in
895 4168 948 4223 boc
968 4175 1038 4224 tem·
1125 4163 1168 4219 lii.
1188 4163 1267 4225 tale
1279 4175 1342 4222 sant
1353 4167 1434 4222 etiam
1447 4167 1566 4238 nuptia,
1581 4182 1641 4239 quse
1651 4177 1680 4226 ιι
1691 4170 1762 4228 bene
1775 4174 1877 4245 suscipi

250 4270 413 4365 popepietae
424 4266 513 4324 divina
524 4265 644 4335 inigitur,
657 4270 687 4317 nt
701 4276 754 4317 non
771 4262 857 4316 solnm
878 4260 905 4316 in
921 4261 972 4317 boo
984 4262 1037 4318 vita
1088 4267 1211 4330 possunt,
1224 4265 1252 4314 et
1262 4258 1332 4315 bene
1345 4259 1491 4315 contemni.
1516 4259 1601 4327 Quam
1629 4261 1699 4318 bene
1721 4263 1876 4334 nuptiarum

251 4379 313 4439 corp
338 4359 491 4433 bominibus
504 4338 620 4429 debeant
633 4354 648 4395 b
661 4369 772 4415 manere
791 4353 930 4420 continua,
943 4364 1038 4411 uerum
1089 4351 1199 4421 opus'ln
1213 4352 1337 4408 castitate
1358 4350 1492 4422 coniugali
1503 4350 1626 4409 tomam
1645 4355 1778 4411 serravitl
1791 4371 1877 4428 quam

251 4456 332 4529 epam
347 4459 471 4529 952qu
483 4451 510 4531 jn
524 4447 701 4523 retributione
714 4447 803 4504 divina
818 4465 825 4501 ;
839 4449 909 4504 cicun
921 4457 963 4505 ess
975 4464 1038 4521 pec.
1089 4440 1184 4499 meiius
1198 4440 1225 4496 in
1237 4441 1403 4498 continentis
1412 4442 1511 4499 viduali
1520 4441 1611 4500 iudith
1624 4431 1706 4516 atque
1719 4443 1795 4502 Anna
1808 4462 1880 4503 con·

251 4555 372 4621 patopum
382 4542 532 4629 mundatio,
543 4542 665 4601 veritatis
677 4541 788 4613 agnitio,
803 4541 851 4598 liei
870 4526 1038 4614 proximique
1050 4532 1217 4628 Diomptltl
1231 4547 1312 4603 quam
1326 4534 1429 4604 optime
1441 4535 1468 4595 iu
1489 4535 1642 4605 integritate
1655 4536 1779 4606 virginali
1793 4536 1881 4597 Uaria

251 4636 370 4708 dilectio.
384 4635 447 4709 ilaec
469 4635 541 4692 enim
561 4633 656 4709 siquis
670 4632 696 4691 in
711 4633 763 4689 hoo
776 4641 899 4704 tempore
910 4649 1037 4705 perseve-
1056 4636 1066 4649 ’
1091 4627 1221 4683 ussclvltl
1809 4668 1815 4673 .

251 4737 343 4807 ranter
356 4727 383 4783 iu
397 4742 426 4787 se
436 4723 600 4788 custodierit,
615 4731 643 4781 et
652 4722 863 4780 dirinomunere
874 4724 1038 4796 proticiendo
1125 4717 1170 4775 m.
1190 4717 1248 4775 lion
1262 4726 1303 4775 est
1317 4718 1397 4788 igitur
1409 4718 1479 4774 inter
1486 4719 1619 4790 precipua
1634 4720 1681 4795 iloi
1695 4721 1764 4785 dona
1780 4725 1881 4795 conju.

252 4834 351 4895 augere
362 4816 495 4876 curaverit
508 4815 642 4881 incboata,
658 4814 685 4870 in
700 4813 789 4870 lutnro
807 4814 917 4870 babebit
937 4825 1039 4887 aeterna
1090 4809 1162 4879 glum
1182 4808 1377 4879 estimandum,
1391 4808 1454 4866 licet
1477 4824 1531 4865 non
1554 4818 1668 4880 negetur
1693 4812 1792 4870 donum
1816 4830 1883 4872 esee

252 4898 343 4971 ιιιιιι
367 4906 534 4980 perfectione
560 4920 696 4964 mansura.
721 4904 797 4962 Tunc
819 4907 892 4962 enim
918 4908 1038 4978 perlecta
1089 4902 1227 4969 ditinumr
1242 4900 1491 4959 nocemdlcendum
1504 4901 1790 4973 beatitudinismunus,
1804 4908 1885 4978 quod

252 4998 391 5057 mundatio
409 4996 554 5073 perfectam
574 4995 754 5067 cognitionem
774 4996 896 5052 veritatis
911 4997 1036 5068 accipiet,
1090 4993 1234 5051 cambono
1246 4994 1332 5064 possit
1344 4994 1483 5066 proposito
1501 4996 1598 5058 teneri,
1614 5004 1704 5067 potest
1715 4998 1797 5054 etiarn
1811 5015 1883 5071 pro·

252 5096 281 5146 ct
291 5087 407 5160 perlecta
419 5088 536 5157 cognitio
551 5086 618 5143 nibil
641 5086 669 5142 in
689 5085 767 5142 nobis
777 5085 902 5157 perlectae
917 5091 1037 5147 caritatis
1091 5085 1182 5158 posito
1193 5083 1306 5141 meliore
1317 5086 1464 5142 contemni.
1476 5084 1542 5142 liam
1553 5086 1577 5143 si
1590 5086 1643 5143 boc
1658 5087 1728 5144 iuter
1741 5091 1886 5162 precipua

253 5180 302 5253 (ct.
317 5178 432 5249 caritati)
448 5178 543 5235 deesse
555 5177 702 5247 permittet.
1091 5175 1141 5232 liei
1152 5175 1223 5231 dona
1232 5175 1357 5231 estimari
1369 5184 1516 5248 oporteret,
1526 5192 1581 5234 non
1592 5193 1641 5235 ιιι
1653 5178 1800 5238 salvatoris
1813 5198 1886 5240 ιιι-

286 5271 350 5331 Csr.
370 5285 407 5328 tx.
427 5270 520 5342 Aliquo
539 5272 711 5339 temporaliter
730 5279 755 5324 et
768 5270 864 5325 dantur
876 5278 901 5326 et
914 5274 1039 5345 ouiemn-
1091 5268 1128 5325 trl
1142 5267 1323 5337 laudarentur,
1337 5270 1381 5340 qui
1401 5285 1429 5323 sc
1448 5270 1519 5340 ipsos
1532 5280 1707 5328 ommonem
1718 5281 1826 5344 propter
1839 5294 1890 5331 re.

253 5370 296 5420 tur
308 5380 324 5419 ι
336 5360 402 5418 Deo.
413 5358 566 5432 Exemplum
584 5359 642 5415 iob.
658 5360 737 5417 Diues
750 5369 776 5417 et
788 5359 915 5426 lazarus,
925 5365 966 5420 iric
979 5363 1039 5420 irec-
1092 5378 1171 5434 gnum
1180 5360 1412 5435 cetommqtlmm.
1424 5377 1478 5426 tm,
1487 5361 1542 5433 lig
1550 5375 1811 5437 necprosepatrem,
1819 5384 1891 5425 ms-

255 5466 306 5535 rus,
316 5456 361 5513 iile
372 5457 458 5510 mirer.
474 5484 511 5497 -
524 5449 567 5506 lii.
589 5451 645 5507 Alia
657 5467 723 5509 reru
742 5462 805 5510 surrt
818 5467 880 5526 quse
898 5457 939 5512 sic
954 5471 969 5510 a
982 5454 1039 5513 ileo
1091 5462 1176 5519 trem,
1191 5453 1304 5521 iratres,
1319 5466 1445 5521 sorores,
1460 5468 1589 5522 uxorem,
1604 5452 1683 5522 iiiios,
1697 5470 1785 5526 agros,
1799 5459 1894 5516 rolin.

253 5547 438 5625 temporaliter
461 5544 595 5602 dooantur
608 5542 656 5601 iol.
671 5543 790 5620 dantur),
805 5536 836 5603 ut
855 5548 1040 5619 temporaliter
1090 5551 1139 5624 qui
1157 5547 1281 5605 Salvator
1293 5547 1352 5619 lpse
1364 5562 1426 5604 cum
1438 5546 1564 5618 centupla
1574 5549 1757 5611 retributionis
1769 5558 1799 5609 et
1813 5553 1921 5613 rita*

2020 5686 2021 5717 l

2020 5730 2021 5761 l

289 5758 303 5790 ⁸
320 5748 360 5806 lta
370 5764 435 5806 mss.
446 5746 526 5831 Corb.
540 5741 639 5805 etum.
650 5746 745 5805 colon.
759 5761 836 5815 vero,
848 5757 943 5808 rectam
952 5749 1043 5812 ritem.
1131 5751 1148 5795 ¹
1165 5754 1204 5810 lta
1214 5770 1280 5810 mss.
1293 5751 1375 5809 Coris.
1389 5759 1417 5808 et
1429 5751 1499 5812 ilci.
1514 5752 1596 5812 basil.
1609 5768 1687 5826 tero,
1697 5766 1821 5815 mereret

255 5820 350 5890 basii,
362 5829 459 5876 rectam
467 5834 544 5873 ιιιιι.
1129 5834 1142 5866 ⁸
1160 5825 1210 5882 ils.
1223 5824 1317 5890 Corio,
1328 5822 1464 5896 Equidem.
