4106 6330
158 420 197 481 so
739 460 748 469 .
881 416 1076 503 cannones.
1391 440 1398 457 κ
1755 421 1791 480 ω

156 535 233 607 boc),
248 533 297 591 sed
308 531 390 605 guod,
403 539 434 586 nt
446 531 568 601 superins
580 529 777 599 diximus,vera
788 541 852 585 caro
867 527 950 597 ipsius
964 534 987 590 Α
1001 525 1116 597 Spiritus
1128 533 1237 582 sanctus
1250 524 1381 595 procedit.
1397 523 1512 597 Spiritus
1533 526 1605 583 enim
1618 536 1726 586 undas
1737 532 1790 591 mt-

156 636 276 684 mortcm
288 623 583 694 gustaveritltacarne
593 623 676 693 ipsius
685 628 841 690 resurgente
853 620 952 675 iterum
1002 617 1094 674 racnla
1112 632 1162 690 per
1183 631 1278 673 manm
1298 623 1454 675 sanctorum
1468 618 1651 689 apostolorum
1675 619 1790 687 iaciens,

154 718 385 776 resurrectionem
410 715 532 783 asserite,
558 729 611 769 non
634 713 697 785 qnia
710 714 737 768 in
752 712 951 782 corruptionem
1002 707 1087 764 mum
1110 707 1275 778 glorificabat
1297 705 1388 764 iesum
1414 705 1560 779 Christum,
1579 717 1721 794 postquam
1743 726 1793 782 per

154 811 267 874 cecidit,
283 808 331 866 sed
344 806 417 879 qnod
430 807 552 877 ejusdem
576 820 674 875 corpus
696 804 822 859 surrexit.
848 802 950 873 ltaque,
1001 800 1144 870 gloriosam
1155 800 1379 857 resurrectionem
1392 817 1468 858 snam
1483 802 1509 857 in
1528 803 1626 858 coelum
1639 802 1723 876 (unde
1740 819 1792 875 pro

153 902 336 965 dilectissimi,
351 900 484 971 deprecor
510 897 703 952 iraternitatem
725 903 840 951 vestram
854 903 950 963 onate·
1002 893 1162 949 liberatione
1172 892 1321 948 animarum
1332 899 1485 948 nostrarum
1495 893 1682 965 descenderat)
1696 911 1792 951 ascen·

154 1010 211 1050 trus
226 993 313 1048 Deum
325 1006 428 1057 verum,
453 997 481 1045 et
503 987 600 1043 Filium
621 987 680 1056 ejus
701 983 792 1041 desum
815 983 951 1041 Christum
1000 985 1040 1040 dit
1053 1003 1060 1038 :
1074 984 1137 1040 idco
1148 1000 1163 1039 a
1176 984 1254 1040 nobis
1263 990 1291 1039 et
1300 985 1435 1040 nonnullis
1444 985 1583 1041 catholicis
1593 987 1657 1042 viris
1669 984 1792 1043 Christus

152 1086 301 1141 Dominum
315 1090 437 1138 nostrum
451 1081 550 1137 devote
558 1079 732 1146 veneremini,
748 1077 860 1133 adorate
871 1076 945 1132 beni·
1001 1075 1120 1133 creditur
1142 1075 1213 1132 Deus
1239 1083 1336 1131 natura
1359 1076 1487 1142 existens,
1501 1091 1550 1148 per
1569 1076 1698 1148 Spiritum
1712 1092 1791 1133 suurn

152 1188 209 1243 gno
219 1171 315 1239 corde,
330 1168 437 1228 laudate
450 1187 517 1242 pura
528 1179 630 1237 mente,
644 1169 808 1226 coniltemini
818 1169 950 1241 lacrymo·
1001 1169 1113 1226 virtutes
1127 1177 1154 1224 et
1166 1168 1282 1239 gloriosa
1296 1167 1424 1224 miracula
1438 1168 1561 1238 gentibus
1573 1183 1623 1240 per
1637 1170 1791 1226 universnm

152 1266 194 1322 sis
206 1262 340 1339 suspiriis,
352 1275 407 1338 non
421 1264 491 1321 slcut
513 1264 650 1319 bominem
668 1278 729 1319 eum
740 1264 823 1319 verbo
845 1262 949 1332 glorill·
1000 1262 1093 1318 orbem
1104 1262 1233 1333 dispersis
1247 1262 1444 1318 demonstrans.
1458 1261 1522 1319 lnde
1541 1262 1649 1319 dicebat
1661 1263 1792 1323 Dominus

154 1365 261 1422 centes,
277 1372 313 1412 ne
337 1355 471 1412 inducatis
494 1354 638 1425 quamdam
660 1353 776 1425 speciem
797 1352 946 1417 divisionis,
998 1366 1091 1412 noster
1103 1355 1181 1412 lesus
1195 1354 1327 1423 Christus,
1337 1357 1398 1428 puio
1411 1356 1444 1412 de
1454 1373 1510 1411 meo
1520 1359 1637 1428 accipiet,
1653 1367 1678 1413 et
1689 1375 1792 1414 onnon·

152 1447 202 1506 scd
213 1462 296 1504 numa
309 1455 338 1503 et
351 1447 476 1503 eumdem
487 1447 638 1503 honorate:
653 1445 716 1516 qnia
729 1460 785 1502 non
796 1454 837 1502 est
850 1457 949 1514 corpus
998 1447 1074 1502 tiabit
1087 1446 1166 1503 eoin.
1181 1446 1235 1504 Sed
1259 1461 1429 1518 nequaqnam
1455 1447 1525 1504 idem
1547 1448 1662 1520 Spiritus
1682 1459 1791 1508 sanctm

151 1556 234 1598 snum
249 1541 332 1612 (cum
354 1554 410 1610 qno
424 1539 507 1595 etiam
522 1540 581 1609 ipse
604 1538 705 1595 assidet
722 1536 837 1607 Patri)a
858 1537 948 1593 Verbo
998 1540 1110 1596 alterius
1135 1540 1342 1612 participatione
1365 1547 1462 1610 potens
1486 1548 1534 1595 aut
1553 1541 1661 1612 sapiens
1680 1542 1788 1610 dicitur,
1808 1546 1813 1560 “

151 1631 283 1688 ahenum.
296 1630 351 1685 Nec
364 1631 446 1685 etiam
456 1629 559 1685 debetis
568 1631 725 1698 contestari,
737 1629 812 1700 quasi
828 1629 947 1686 assiden-
997 1632 1061 1701 qnia
1072 1631 1208 1702 periectas
1221 1641 1262 1687 est
1276 1645 1325 1701 per
1338 1631 1429 1686 omnia
1442 1639 1471 1687 et
1485 1630 1512 1686 in
1526 1630 1660 1699 omnibns,
1674 1641 1703 1687 et
1716 1633 1789 1689 nullo

151 1724 227 1780 tibus
235 1722 340 1779 duobus
354 1720 427 1789 liliis,
440 1720 487 1776 sed
503 1736 556 1775 uno
570 1736 632 1776 curn
645 1734 728 1776 carne
740 1734 790 1790 pcr
803 1719 945 1779 unitatem·
998 1723 1104 1793 penitus
1125 1721 1247 1792 indigens
1260 1721 1344 1776 bono.
1358 1719 1425 1776 Nam
1445 1730 1564 1793 paternae
1574 1723 1680 1779 virtutis
1703 1733 1731 1779 ct
1744 1740 1790 1779 sa·

151 1808 291 1866 Praeterea
319 1808 386 1864 lldes
404 1817 494 1864 vestra
517 1807 628 1864 credere
641 1808 722 1864 debet
740 1807 813 1877 qnod
826 1806 947 1865 Christus
998 1815 1105 1888 pientiae
1119 1815 1247 1885 coelestis,
1262 1815 1288 1870 id
1303 1824 1345 1871 est
1358 1815 1428 1882 Filii,
1449 1814 1563 1887 Spiritus
1577 1825 1687 1872 sanctus
1701 1816 1790 1873 credi·

150 1901 286 1958 Βοωὶυιιι
296 1907 390 1957 noster
401 1900 536 1956 mediator
549 1900 597 1955 Dei
606 1912 634 1956 et
648 1900 786 1956 hominum
797 1899 883 1956 seclus
897 1909 949 1970 esi,
966 1903 987 1964 B
1002 1916 1056 1975 tur,
1072 1915 1099 1963 et
1114 1907 1212 1963 idcirco
1224 1908 1280 1977 ipsa
1295 1923 1324 1964 re
1342 1908 1479 1963 etvirtnte
1491 1907 1652 1963 subsistente
1661 1907 1747 1964 virtus
1760 1914 1789 1963 et

151 2002 182 2050 ct
193 1991 428 2049 reconciliatore!
441 2006 536 2063 pacem
551 1991 607 2046 ⁰0⁰
622 1990 694 2046 Ptirl
709 2006 757 2062 11¹⁰
771 1984 947 2056 ῠθὺῑθεόίΐε·
999 1999 1131 2068 sapientia
1154 1999 1353 2068 comprobatur.
1368 1997 1540 2053 dilectissimi
1554 1997 1660 2063 iratres,
1673 1998 1731 2054 hacc
1747 2008 1789 2073 cst

151 2101 217 2141 rens
230 2100 261 2140 se
275 2084 303 2139 in
316 2083 428 2140 odorem
441 2083 592 2138 suavitatis.
607 2082 670 2138 ldcc
693 2082 763 2138 euim
782 2081 887 2138 dicebat
901 2098 950 2154 per
999 2088 1066 2145 tides
1075 2096 1158 2155 recta,
1170 2097 1197 2145 et
1211 2091 1334 2147 omnibus
1345 2090 1484 2146 catholicis
1497 2089 1562 2145 viris
1574 2089 1787 2160 tenenda,qnam

149 2177 315 2250 prophetam
332 2175 521 2246 :Sacrificium
531 2183 555 2229 et
568 2173 723 2230 oblationem
740 2175 860 2241 noluisti;
875 2176 949 2231 boio·
999 2179 1178 2251 uisionisque
1193 2180 1304 2237 tirmiter
1317 2189 1346 2237 ct
1362 2190 1435 2237 recte
1446 2178 1599 2248 crediderit,
1620 2198 1674 2237 non
1689 2182 1789 2253 poterit

148 2278 244 2323 ΜΝ
255 2283 303 2338 ΡΜ
322 2274 426 2336 limam
445 2281 498 2319 '¹⁰²¹
519 2263 565 2319 tihi
575 2265 746 2334 liafwini»
759 2281 850 2335 Μῖνι*
864 2276 949 2320 “ulem
999 2273 1166 2328 aconsortio
1181 2273 1281 2328 diaboli
1292 2272 1410 2329 liberari.
1427 2271 1513 2329 Unum
1524 2274 1551 2329 in
1563 2273 1721 2339 substantia,
1737 2268 1787 2328 tri‘·

149 2359 284 2432 perpecisti
298 2357 372 2413 mili.
386 2356 420 2412 ln
433 2358 518 2429 capite
532 2357 706 2428 scriptumest
719 2358 814 2425 deme,
835 2367 863 2412 nt
876 2360 947 2430 [nce-
983 2378 1063 2421 tuum
1076 2363 1105 2419 iu
1119 2365 1243 2435 personis
1255 2365 1447 2435 conitcamini,
1462 2375 1491 2421 nt
1505 2365 1539 2421 ad
1552 2368 1661 2422 coeleste
1674 2380 1787 2437 regnum

147 2469 203 2507 rent
217 2451 376 2507 mlxnmmrn
400 2449 577 2516 trumhere.
599 2444 823 2521 Proprinmenim
847 2465 949 2521 corpus
997 2456 1140 2526 pervenire
1158 2464 1186 2512 et
1205 2458 1315 2513 aeternis
1331 2457 1410 2513 bonis
1433 2459 1588 2528 perenniter
1600 2459 1717 2528 gaudere
1730 2473 1788 2514 me-

147 2558 206 2598 non
219 2557 271 2614 pro
281 2557 312 2597 se
321 2541 380 2612 ipso
393 2541 500 2607 obtulit,
515 2542 563 2598 sed
573 2544 708 2614 prenobis
722 2543 748 2598 in
759 2543 870 2599 odorem
883 2559 947 2599 sna·
998 2546 1131 2613 reamini;
1146 2547 1191 2603 nbi
1205 2548 1323 2616 gaudent
1342 2549 1440 2617 angeli,
1455 2549 1579 2604 lactantur
1592 2540 1717 2621 apostoli,
1738 2565 1787 2605 ex·

148 2636 254 2692 vitatis.
277 2635 386 2692 Fratres
409 2637 478 2702 mei,
502 2638 564 2708 quis
585 2646 703 2694 vestrum
730 2640 798 2694 ultra
825 2638 947 2696 dubitet»
998 2637 1081 2692 sultat
1090 2645 1239 2708 martyrum
1251 2638 1328 2693 trnba
1347 2638 1476 2707 gloriosa,
1490 2640 1592 2710 plaudit
1603 2641 1786 2697 consessorum

152 2741 255 2797 agnum
267 2743 358 2784 verum
372 2737 400 2783 et
410 2728 609 2785 immaculatum
622 2744 671 2800 pro
680 2729 767 2788 salute
780 2731 889 2785 hnmani
900 2746 948 2799 ge·
998 2735 1026 2783 et
1039 2727 1171 2796 virginum
1183 2736 1380 2798 catecumenos
1391 2729 1555 2802 Redemptor
1568 2732 1660 2787 mnndi
1673 2735 1786 2804 peremti

152 2820 231 2875 neris
245 2819 419 2884 immolatum,
434 2827 462 2874 et
484 2819 518 2874 ab
541 2819 630 2890 impiis
653 2817 752 2874 Judmis
774 2819 947 2877 crncitlxnmt
997 2817 1089 2874 laurea
1100 2827 1222 2886 coronat,
1235 2819 1281 2889 qui
1292 2821 1358 2877 vivit
1366 2828 1394 2877 et
1407 2830 1501 2891 regnat
1513 2822 1593 2888 licus,
1604 2826 1785 2898 omnipotens,
1871 2886 1875 2893 ,

149 2906 213 2979 lpse
226 2916 278 2977 est,
298 2909 342 2981 qni
355 2925 407 2966 nos
420 2925 469 2981 per
482 2909 666 2965 admirabilem
678 2911 804 2965 virtutem
816 2919 844 2966 et
854 2908 947 2965 ineffa-
997 2909 1147 2977 invisibilis,
1173 2919 1301 2979 artemas,
1327 2910 1545 2983 incorruptbilis,
1560 2915 1603 2971 cni
1628 2924 1670 2969 est
1687 2915 1785 2987 horror,

148 2999 235 3055 bilem
250 3001 399 3071 potentiam
410 3000 558 3057 divinitatis
572 3015 627 3056 susc
640 3001 765 3069 redemit,
779 3000 946 3072 rebellesque
996 3001 1067 3068 lans,
1080 3001 1162 3059 decus
1173 3010 1201 3057 ct
1215 3003 1365 3073 imperinm,
1381 3012 1502 3074 potestas
1520 3005 1685 3075 indeficiens,
1700 3008 1787 3077 maje-

148 3099 177 3145 et
193 3091 329 3162 superbos
343 3089 449 3147 iudaeos
463 3092 570 3158 devicit,
581 3098 610 3147 et
630 3092 746 3149 claustra
755 3094 884 3163 gebennas
895 3109 945 3150 ex·
996 3102 1053 3150 stas
1065 3094 1303 3163 immarcescibilis,
1322 3096 1407 3166 gloria
1421 3111 1517 3168 perpes
1530 3105 1558 3154 et
1571 3098 1656 3154 virtus
1670 3097 1789 3155 ineffabi-

147 3183 286 3255 spntiavit,
302 3183 419 3241 edincens
432 3184 465 3240 de
480 3185 591 3242 vinculis
605 3186 762 3257 captivatos,
776 3187 945 3246 emittemus
997 3184 1029 3240 lis
1040 3201 1100 3242 cnm
1115 3184 1195 3241 Patre
1209 3195 1236 3241 ct
1250 3185 1351 3258 Spiritu
1374 3194 1468 3243 sancto
1490 3202 1540 3256 per
1566 3187 1669 3242 mnnita
1690 3189 1786 3263 secula

148 3279 324 3333 tenebrarum
338 3277 404 3334 locis
417 3287 578 3344 carceratos,
598 3277 746 3336 clamantes
758 3287 785 3335 ct
799 3279 919 3336 dicentes
935 3298 941 3335 ε
957 3279 981 3344 c
995 3277 1267 3355 seculorumllmen,

147 3366 170 3423 0
182 3369 367 3439 triumphator
379 3369 451 3425 bone
462 3370 562 3435 saecnii,
574 3371 641 3441 opie
651 3371 799 3427 debellator
807 3372 946 3430 diabolicas
1032 3368 1060 3424 Si
1073 3370 1133 3441 quis
1146 3378 1235 3424 anem
1259 3369 1302 3425 his
1324 3368 1440 3425 decretis
1457 3370 1650 3447 contradixerit
1664 3386 1680 3425 a
1694 3368 1784 3435 Patre,

146 3456 262 3527 danen,
278 3468 306 3514 te
316 3467 419 3528 nostra,
431 3459 638 3515 clementissime
650 3459 758 3528 lesuin
772 3462 814 3519 bis
828 3470 947 3518 tormen·
997 3471 1025 3518 et
1037 3463 1118 3530 Filio,
1139 3469 1166 3515 et
1178 3459 1280 3532 Spiritu
1293 3470 1395 3529 sancto,
1417 3464 1560 3518 antatbema
1581 3465 1625 3518 sit.
1641 3462 1688 3518 llis
1708 3465 1786 3518 dictis

146 3559 238 3607 torum
253 3552 343 3622 ρωιιίε
356 3551 550 3623 exspectabant
573 3552 705 3621 lamenta,
731 3562 769 3622 te,
793 3554 946 3610 misericors
995 3554 1092 3611 beatus
1101 3555 1222 3626 pontilex
1229 3554 1389 3615 Eleutheros
1399 3554 1478 3609 sedit.
1491 3552 1622 3609 Catholici
1635 3562 1725 3609 autem
1736 3553 1786 3608 viri

147 3643 266 3709 Christe,
285 3641 413 3699 debilium
428 3644 455 3698 in
478 3644 632 3714 caliginosis
654 3644 720 3700 locis
743 3645 947 3701 conclamabant
996 3649 1043 3717 qni
1064 3647 1097 3701 ad
1121 3657 1242 3702 sanctam
1264 3637 1397 3718 synodum
1415 3647 1557 3701 convocati
1578 3652 1667 3714 erant,
1690 3659 1785 3700 vocem

146 3735 276 3806 suspiria.
294 3734 364 3790 Ecce
375 3733 505 3788 advenisti
515 3749 596 3804 quem
609 3734 642 3790 ab
653 3735 769 3805 antiquis
780 3736 947 3806 temporibus
995 3753 1057 3793 curn
1077 3736 1176 3805 gaudio
1192 3738 1311 3792 levantes
1332 3734 1518 3806 glorificabant
1530 3736 1627 3804 Deum,
1643 3736 1784 3792 dicentes:

147 3825 379 3896 exspectavimus.
395 3824 489 3881 Libera
504 3841 647 3895 bosonem
663 3826 689 3880 in
702 3836 772 3881 terra
786 3826 867 3896 positi
882 3827 946 3881 olim
997 3829 1155 3886 Trinitatem
1169 3830 1197 3884 in
1212 3830 1314 3885 navitate
1328 3845 1487 3908 verteremur
1506 3838 1535 3886 et
1548 3831 1671 3898 colimus,
1695 3832 1784 3886 nnita-

146 3916 246 3975 derote
260 3917 403 3983 coluimus.
416 3916 476 3988 lpse
486 3927 528 3974 est
540 3919 585 3988 qni
595 3926 656 3991 post
667 3918 877 3974 destructionem
886 3918 946 3973 dia·
996 3931 1051 3977 mun
1065 3922 1093 3976 in
1107 3921 1255 3977 substantia
1280 3921 1448 3992 prolltcmnr,
1468 3930 1497 3976 et
1517 3922 1614 3977 devote
1628 3920 1785 3991 adoramus,

148 4008 213 4075 boli,
226 4017 256 4065 et
277 4009 464 4067 liberationem
478 4011 676 4067 sanctorumde
701 4011 820 4071 tenebris
828 4012 947 4068 claman-
996 4020 1106 4068 econtra
1127 4010 1323 4067 cortinndantur
1340 4011 1469 4078 baeretici,
1494 4012 1590 4068 deinde
1609 4029 1624 4068 a
1651 4028 1727 4068 sacra
1741 3991 1800 4086 syz'

147 4101 213 4156 tium
227 4101 273 4157 die
295 4101 377 4165 ,tertia
393 4103 551 4169 resurrexit,
566 4114 594 4159 et
611 4120 692 4160 ascen
701 4104 760 4160 lens
785 4103 810 4159 in
835 4117 946 4174 regnum
996 4107 1069 4161 nodo
1083 4106 1213 4162 recedunt
1235 4107 1349 4162 cnuinsi.
1374 4105 1484 4178 Synodo
1508 4115 1597 4162 atatem
1620 4109 1654 4163 ad
1678 4110 1785 4178 propria

148 4193 262 4249 caeleste
275 4192 353 4247 sedet
366 4193 400 4248 ad
412 4193 534 4249 dextram
554 4195 601 4249 liei
616 4194 712 4251 Patris.
729 4194 787 4266 lpse
802 4206 843 4251 est
864 4196 946 4254 Filius
997 4206 1159 4260 revertente,
1185 4207 1293 4252 sainctus
1307 4199 1429 4255 similiter
1452 4198 1621 4259 Elcntlterins
1634 4201 1678 4265 ,ad
1696 4202 1788 4271 aetiam

147 4284 250 4350 larice,
264 4300 327 4355 que
342 4286 417 4354 virgo
431 4286 465 4343 de
477 4286 578 4358 Spiritu
592 4298 684 4344 sancto
696 4291 829 4361 concepit,
845 4304 905 4359 qna
917 4292 945 4346 in
996 4303 1082 4353 suain,
1107 4302 1165 4356 quac
1179 4288 1205 4341 in
1220 4289 1354 4358 oppidano
1370 4288 1431 4344 loco
1452 4292 1648 4356 crrrrtincbatnr,
1663 4308 1723 4347 cnm
1737 4308 1785 4348 ca·
1824 4336 1833 4351 .

150 4378 309 4447 virginitate
333 4377 434 4433 illibata
460 4378 544 4435 Deum
566 4389 594 4435 et
608 4381 743 4437 hominem
758 4381 872 4452 peperit,
887 4398 946 4453 qum
997 4378 1104 4433 tholicis
1126 4378 1189 4432 uiris
1209 4378 1266 4448 jam
1280 4380 1448 4449 septuaginta
1470 4389 1498 4436 ct
1516 4398 1569 4437 nno
1583 4385 1701 4439 existens
1714 4400 1785 4441 anno

146 4474 230 4528 eriam
246 4481 311 4542 poss
324 4474 518 4543 partumvpgo
528 4483 556 4531 οι
566 4474 652 4531 Mater
664 4475 811 4533 sappam
821 4493 947 4547 perman.
996 4485 1134 4540 regressus
1154 4478 1204 4526 est.
1220 4470 1325 4526 interea
1339 4487 1388 4543 per
1400 4473 1519 4545 quinque
1533 4489 1618 4530 austros
1632 4473 1787 4533 Tornacen·

147 4564 192 4620 sit.
203 4564 258 4630 Qui
272 4578 313 4628 sc,
329 4571 454 4635 utsupra
473 4566 573 4622 dictum
592 4577 643 4633 cst,
658 4568 775 4624 bostiam
790 4569 946 4624 immacula·
997 4564 1033 4618 sis
1043 4562 1171 4629 Ecclesia,
1183 4564 1280 4633 quibus
1293 4563 1420 4620 sacerdos
1429 4567 1576 4636 supervixit
1586 4567 1784 4636 invictissimus,

147 4664 215 4723 uina,
239 4656 358 4711 bostiam
381 4656 438 4711 lieo
452 4656 525 4713 Patri
547 4659 697 4729 placentem
712 4662 818 4718 obtulit,
833 4660 861 4718 si
886 4664 946 4733 quis
960 4648 984 4708 D
996 4670 1012 4709 a
1025 4656 1164 4712 catholicis
1179 4657 1243 4711 viris
1258 4657 1425 4713 sublimatur.
1449 4656 1556 4713 interim
1571 4668 1659 4713 numm
1680 4661 1786 4733 bereti-

148 4758 241 4803 aetem
254 4747 365 4812 dixerit,
379 4748 442 4819 quia
453 4756 508 4804 tam
521 4766 571 4821 pro
585 4766 615 4807 se
628 4753 696 4823 ipso,
709 4769 790 4824 qnam
803 4771 853 4826 pro
867 4756 962 4812 nohis*-
996 4760 1088 4801 corum
1112 4761 1175 4817 pars
1192 4746 1372 4801 contunditur.
1395 4748 1464 4814 Quid
1486 4748 1623 4804 iacerent?
1637 4749 1784 4806 Comitium

147 4838 313 4894 sacrilicinm
336 4856 366 4895 se
379 4840 437 4901 Deo
453 4841 589 4909 obtulerit,
604 4861 658 4901 non
672 4854 822 4903 extremum
837 4848 946 4917 effugiet
996 4839 1122 4903 inierunt,
1134 4838 1241 4909 quidde
1252 4840 1297 4895 illo
1309 4839 1385 4896 llerct
1397 4843 1590 4910 exquisierunt,
1604 4851 1632 4898 et
1643 4844 1782 4898 dicebant:

147 4932 321 5003 supplicium,
337 4931 384 4987 sed
398 4947 492 5003 poenae
516 4935 542 4989 in
566 4935 674 4992 interitu
691 4953 752 4995 cnm
775 4938 862 5009 {inpiis
872 4938 946 4995 dabie
995 4929 1023 4985 Si
1034 4932 1071 4985 ita
1081 4930 1251 5009 prevaluerit
1264 4931 1333 5003 apud
1345 4948 1404 5011 nos,
1412 4934 1467 4986 vita
1479 4941 1569 4988 nostra
1583 4941 1784 5005 contcnnretnr;

146 5022 321 5080 stomacus
333 5021 434 5092 Spiritu
444 5040 552 5097 qnoque
562 5039 739 5093 sancto,cum
747 5029 882 5099 discipulis
891 5031 946 5086 suis
995 5025 1019 5080 si
1032 5034 1122 5080 antem
1133 5024 1361 5097 prevaluerimus,
1376 5026 1515 5082 victoriam
1532 5025 1617 5082 landis
1631 5026 1720 5098 adepti
1733 5029 1786 5084 cri·

148 5113 268 5171 diceret:
281 5112 381 5170 tinne
390 5116 555 5187 clarificabit,
565 5118 626 5184 hoc,
639 5118 694 5183 dlii,
706 5123 853 5177 sentiemes
862 5138 944 5178 nnnm
996 5133 1063 5171 unns.
1078 5117 1123 5173 Sic
1138 5118 1189 5172 illis
1202 5118 1228 5172 in
1244 5134 1295 5172 una
1308 5119 1410 5172 dierum
1418 5118 1642 5187 colloquentibus,
1654 5138 1718 5200 cccc
1725 5122 1788 5177 bea-

148 5205 285 5263 christum
294 5206 435 5272 etFilitnn,
447 5224 500 5265 non
513 5210 585 5266 velut
596 5211 706 5268 alterius
715 5213 799 5282 gloria
810 5222 943 5285 egentem,
996 5219 1039 5266 tus
1047 5211 1180 5281 potniicx,
1192 5227 1252 5266 curn
1261 5210 1407 5266 Athanasio
1418 5210 1533 5268 diaconio
1542 5213 1706 5269 etlindoeno
1715 5214 1786 5271 fideli

148 5298 316 5355 confitemini
329 5299 442 5369 gloriam
469 5317 484 5355 a
506 5301 608 5373 Spiritu
631 5312 725 5360 sancto
744 5316 918 5364 consecutum
935 5328 941 5363 :
994 5303 1125 5375 discipulo
1139 5304 1173 5358 ab
1194 5303 1307 5360 ecclesia
1319 5303 1404 5359 beate
1419 5304 1507 5361 iterim
1521 5304 1698 5363 bernacensis
1708 5322 1785 5377 egre·

149 5392 209 5459 qnia
221 5390 344 5460 eiusdem
352 5391 467 5462 Spiritus
475 5410 518 5450 me
527 5396 659 5466 superior,
669 5412 712 5453 me
718 5398 814 5454 melior
823 5400 882 5470 ipso
891 5408 942 5458 est.
994 5397 1132 5465 dicbatnr;
1155 5414 1234 5467 tpuem
1257 5398 1379 5455 videntes
1393 5401 1510 5458 lucretici
1525 5411 1587 5472 post
1600 5402 1725 5471 anguium
1739 5418 1782 5458 oc·

149 5478 224 5539 licet
239 5498 306 5539 vero
320 5483 347 5538 in
371 5483 522 5545 substutrtia
535 5503 583 5544 sua
598 5488 712 5560 Spiritus
726 5490 784 5563 ejus
794 5492 838 5557 sit,
859 5499 888 5548 et
900 5493 940 5548 in·
998 5495 1091 5551 cnlmti
1101 5494 1202 5560 (multis
1212 5495 1283 5549 enim
1297 5495 1384 5552 modis
1398 5497 1590 5552 insidiabantur
1599 5496 1635 5569 ci)
1646 5496 1785 5553 dicebant:

151 5575 288 5644 telligatur
302 5575 329 5631 in
351 5592 466 5648 persona
482 5582 643 5650 proprietas,
666 5585 812 5639 sectandum
834 5586 859 5640 id
873 5588 945 5656 qnod
998 5586 1067 5644 Ecce
1077 5588 1228 5644 destructor
1241 5589 1307 5657 legis
1321 5600 1429 5654 nonne,
1445 5589 1535 5645 venite
1545 5574 1697 5645 occidamus
1711 5604 1784 5647 eum.

151 5664 268 5737 Spiritus
280 5668 403 5738 eiusest,
415 5678 442 5725 et
454 5669 547 5740 Filius,
559 5676 691 5730 tamenab
704 5677 749 5731 illo
765 5688 867 5733 nonest
880 5680 946 5736 alie·
998 5678 1080 5749 igitur
1101 5681 1213 5738 fustibus
1237 5686 1350 5742 arrectis
1365 5688 1467 5743 duriter
1489 5685 1644 5743 ceciderunt
1666 5702 1739 5752 enm,
1758 5694 1788 5742 ct

153 5773 211 5816 atvs
227 5759 386 5831 Appellatus
396 5756 468 5817 enim
478 5771 520 5821 est
532 5764 648 5835 Spiritus
662 5770 837 5834 veritatis,ct
848 5775 946 5831 veritas
998 5773 1092 5829 relicto
1104 5776 1235 5832 sctrtivivo
1249 5787 1311 5833 autc
1330 5780 1480 5846 ecclesiam,
1496 5781 1580 5852 plagis
1595 5783 1726 5854 impositis
1739 5799 1787 5839 oc·
1836 5818 1846 5831 -

154 5851 278 5909 Christus
292 5861 342 5911 cst.
368 5852 452 5929 igitur
466 5871 482 5912 a
497 5854 565 5914 Filio
588 5860 728 5928 sinniiter,
746 5863 815 5920 sicut
829 5880 845 5919 a
861 5863 942 5924 Patre
998 5867 1069 5924 culte
1096 5871 1228 5931 abisrttnt.
1253 5873 1379 5946 Discipuli
1403 5876 1536 5946 similiter,
1561 5880 1655 5939 relicto
1680 5890 1787 5954 pastore
