4106 6330
160 372 192 427 tt
606 368 634 423 S.
655 364 862 427 lstuutuunll
883 364 962 421 litt
984 362 1144 419 AUCTORE
1163 361 1347 419 obruente.

1754 354 1804 411 te:

160 493 278 549 eventu,
309 482 386 554 cujus
414 484 523 539 solertia
552 498 649 554 corpus
679 484 804 539 exstincti
832 481 952 538 defertur
969 490 990 543 rt
1006 482 1395 551 multotcnrporeSanctusin
1411 481 1567 552 patriasua.

159 576 332 634 blandinium
356 592 364 629 ι
388 576 516 630 statuitur
540 583 602 629 aute
627 575 779 643 sepulcrum
805 571 954 628 beatissimi

159 666 338 730 confessoris,
357 665 435 721 triste
447 664 580 737 piaculum
592 664 665 730 suis,
680 672 759 733 turpe
771 663 953 734 spectaculum

160 759 270 816 alienis.
291 755 321 812 S.
336 754 519 811 Eleutherium
534 754 671 809 hartriliter
683 754 845 819 obsecrant,
859 762 888 808 et
904 767 955 823 pru

160 849 341 908 suscitatione
362 846 463 902 mortui
485 846 589 902 deuotis
607 845 774 900 orationibus
792 844 910 901 etdtant
928 852 956 898 et

160 943 288 998 invitant.
316 938 369 995 Sed
386 936 478 993 Sancti
495 938 594 993 caritas
608 952 744 1005 nunquam
759 935 877 1000 excidit,
893 937 955 1004 quia

89 1020 93 1030 ’
158 1035 218 1105 ιιι]
233 1032 290 1086 lieo
303 1029 481 1099 conjunctus,
503 1028 554 1084 etsi
572 1026 722 1096 fragilitatis
738 1039 749 1064 ⁰
764 1036 955 1098 syrrtptomata,

161 1123 286 1180 caritatis
300 1122 402 1177 vboera
417 1136 471 1176 oon
485 1120 593 1191 abjecit.
613 1119 680 1175 Nam
694 1120 721 1175 in
732 1119 875 1190 quemdam
889 1118 956 1173 diri-

161 1233 228 1275 num
240 1221 358 1270 mumius
367 1212 504 1278 affectum,
515 1211 579 1282 quid
590 1220 683 1283 posset
694 1226 799 1282 sapere,
811 1211 873 1282 quid
885 1210 956 1265 elar-

162 1307 218 1377 giri
242 1298 369 1373 miseris,
390 1303 442 1359 nisi
457 1303 550 1373 qiumi
573 1301 641 1357 liant
662 1302 685 1357 si
708 1301 778 1358 fieus
795 1302 892 1355 caritas
905 1308 956 1364 est,

160 1409 267 1468 quanto
279 1397 339 1467 quis
353 1396 409 1451 lieo
423 1394 533 1466 propius
549 1392 729 1464 conjungitur,
753 1400 827 1446 ιιιιι
847 1392 959 1446 caritate

160 1489 270 1561 plenior
294 1486 496 1557 comprobatur.
521 1482 588 1541 Cum
609 1485 690 1551 igitur
711 1497 764 1537 uua
785 1498 834 1553 pro
853 1482 959 1537 tribuno

162 1578 262 1635 flentes
275 1578 451 1648 implorarent
470 1573 680 1630 miscricordiam
695 1571 872 1638 confessoris,
888 1572 961 1626 fulsit

162 1668 424 1726 immensaciaritas
442 1683 474 1723 es
496 1666 638 1737 supernis,
662 1674 691 1720 et
711 1680 764 1719 vox
788 1665 896 1735 iusuper
919 1673 962 1718 est

1040 573 1084 629 tr.
1101 574 1251 630 Libertinos
1264 582 1354 630 autem
1378 575 1502 629 tribunus
1519 573 1626 628 nudem
1640 573 1729 629 soluto
1744 589 1796 628 ua-

1005 675 1071 722 turae
1082 666 1173 722 debito
1187 666 1214 721 in
1227 673 1319 721 sancta
1333 665 1520 723 confessione.
1542 665 1568 718 iu
1579 661 1637 718 lide
1649 662 1795 728 catholica,

1006 758 1033 813 in
1046 772 1094 828 spe
1107 757 1260 822 communi,
1274 757 1300 812 in
1314 758 1427 813 cannae
1445 772 1500 811 non
1516 756 1595 822 ficta,
1610 756 1636 810 in
1648 755 1798 809 manuliu-

1006 852 1072 906 nrini
1086 850 1208 921 spiritum
1224 849 1431 914 commendavit,
1453 857 1482 905 et
1495 865 1555 905 cum
1578 847 1726 905 Censorino
1740 847 1799 903 fac-

1005 960 1065 999 sare
1075 943 1183 998 tribuno
1195 942 1380 999 scandiniensi
1395 942 1424 997 iu
1437 942 1467 996 Β.
1484 941 1575 996 hieriae
1584 941 1699 1011 Virginis
1711 938 1801 995 ecele-

1005 1035 1044 1088 sia
1060 1033 1202 1102 requiescit
1218 1050 1224 1086 :
1242 1040 1269 1088 et
1283 1040 1312 1087 nt
1325 1041 1414 1089 cesset
1426 1047 1506 1088 omne
1517 1031 1683 1102 figmentum,
1698 1045 1799 1086 evane-

1006 1134 1063 1179 scat
1083 1124 1227 1179 humanum
1247 1131 1450 1190 commentum,
1467 1130 1583 1189 catena,
1603 1122 1637 1178 dc
1650 1136 1703 1191 qua
1718 1136 1799 1190 supra
1836 1130 1839 1137 ’

1007 1216 1180 1278 dictumest,
1198 1213 1329 1269 Viennam
1351 1213 1439 1269 delata
1453 1223 1495 1270 est
1516 1215 1543 1270 in
1562 1216 1602 1270 rei
1622 1212 1754 1269 rnirabilis
1772 1222 1801 1266 et

1008 1306 1190 1361 nreruorabiiis
1201 1304 1296 1360 cliicax
1310 1313 1509 1373 argumentum.

1303 1395 1419 1452 caeb‘l
1436 1395 1502 1452 vill.

1076 1488 1225 1544 translatio
1244 1491 1359 1556 corrmris
1380 1488 1410 1544 S.
1432 1488 1576 1544 Eleutherii
1601 1490 1628 1543 ιιι
1646 1488 1747 1544 urbem
1818 1502 1820 1507 ’

1306 1559 1505 1614 Tornncertteut.

1047 1652 1053 1681 ¹
1076 1649 1119 1704 ts.
1144 1650 1252 1706 Factum
1269 1658 1312 1706 est
1328 1651 1355 1706 in
1370 1650 1465 1706 diebus
1484 1651 1536 1706 illis
1557 1626 1714 1707 miraculum
1730 1652 1803 1706 nulla

161 1759 255 1816 ,oppa
270 1758 304 1813 gg
321 1758 405 1818 coeqs,
430 1757 521 1823 opple,
535 1757 631 1826 inqua,
647 1757 845 1827 presbyrgfflffl,
860 1762 888 1810 ug
901 1763 962 1809 orep
1011 1743 1140 1812 temporis
1150 1742 1308 1812 antiquitate
1317 1739 1470 1796 delendum.
1482 1741 1673 1798 Ciarcscebant
1683 1743 1766 1811 magis
1776 1752 1805 1797 et

160 1867 215 1923 pru
228 1849 368 1906 Libertina
381 1848 524 1906 bantinum
537 1844 629 1902 lesum
643 1847 789 1903 Christum.
801 1844 961 1901 desistentes
976 1865 999 1924 B
1013 1834 1097 1900 tnagis
1111 1833 1205 1887 rnerita
1220 1832 1393 1898 fsslissssiffllb
1415 1832 1592 1888 ¹³¹¹tlib³¹¹¹¹¹i
1606 1835 1632 1888 5¹¹
1647 1850 1680 1889 ⁰⁰
1693 1849 1804 1903 magoa-

161 1942 302 1999 mmpffl„
314 1941 422 2009 quidem
434 1941 566 2004 piperum,
578 1953 673 1993 vocem
688 1946 776 1992 tame„
790 1937 960 1993 „qgrofflqms
1012 1921 1283 1979 iiaCreatoris.Circs
1294 1924 1375 1992 igitur
1385 1923 1673 1989 Tornaeeuscs,saneti
1683 1924 1820 2009 eorporis·

162 2031 318 2095 audierunt.
333 2029 467 2085 instantes
477 2028 557 2096 igitur
569 2028 695 2095 orationi,
705 2024 825 2082 crebrius
836 2027 962 2096 reliquias
1011 2015 1158 2069 ibifssfiiffl
1174 2013 1287 2085 implius
1300 2030 1353 2069 ¹¹⁰⁰
1369 2014 1504 2081 Ῐθῐθιιιθιι
1520 2013 1689 2087 Biarnlinium
1707 2032 1806 2087 prope*

162 2121 330 2179 confessoris
344 2119 467 2182 Feriulns
480 2133 561 2187 super
574 2116 691 2173 defuncti
709 2131 809 2186 corpus
824 2116 959 2186 imposuit,

162 2222 193 2269 et
206 2221 270 2283 post
282 2212 379 2267 boram
397 2207 582 2275 undecimam,
598 2206 644 2276 qui
659 2218 782 2262 mortus
798 2206 901 2268 fuerat,
917 2221 961 2261 re·

163 2303 296 2359 surrexit.
591 2302 600 2317 ⁶

229 2404 271 2453 ta.
283 2401 429 2452 Curtiicucre
440 2411 526 2449 uirtutes
538 2398 676 2462 intentique
687 2411 731 2448 ora
742 2398 840 2448 tenebar
850 2408 869 2459 t,

164 2506 227 2547 cunr
242 2504 276 2544 ca
289 2501 349 2557 quae
371 2492 493 2540 mortuus
515 2481 621 2539 viderat
642 2482 799 2541 audiebant.
820 2482 962 2539 Referebat

165 2584 210 2638 eis
222 2594 349 2636 occursus
361 2577 524 2642 damonum,
539 2574 721 2630 diversitatem
736 2590 888 2646 poenarum,
903 2590 963 2644 quae

167 2689 228 2729 uon
241 2670 326 2726 solum
335 2652 414 2738 juin
432 2666 544 2723 verbum
563 2667 679 2737 prophet
689 2681 749 2721 cvrnr
762 2707 770 2732 ,
788 2666 836 2720 sed
848 2673 877 2722 et
887 2665 963 2735 Juxta

169 2774 281 2817 versum
289 2759 421 2829 pontiam
428 2755 875 2813 sensumexcedebaotbumamuu.
889 2754 964 2812 Unde

167 2851 332 2910 Mantuanus
341 2849 387 2905 iile
399 2856 539 2919 puetarum
549 2846 673 2917 egregius
686 2847 724 2902 ait
736 2847 856 2919 (Adueid.
868 2846 905 2918 ιι)
921 2865 928 2900 :

232 2960 287 3013 lion
297 2961 353 3010 nrihi
364 2958 486 3021 silioguae
498 2966 596 3009 centum
607 2960 665 3020 sior,
677 2971 769 3021 oraque
781 2946 890 3016 ceruum,

233 3023 326 3074 lferrea
337 3037 396 3083 ιιι,
409 3033 494 3071 οιιιιιι
505 3020 628 3071 scelerum
637 3021 816 3083 eornpreudnre
827 3022 926 3085 formas,

232 3086 321 3136 Omnia
333 3094 459 3147 poeoarum
470 3094 617 3146 percurrere
628 3086 730 3142 ,nomina
743 3087 842 3144 possim.

167 3189 319 3250 Referebat
336 3188 493 3259 frequenter
507 3187 578 3243 idem
594 3188 715 3243 tribuous
733 3188 828 3243 auimae
849 3204 904 3245 sue
916 3191 965 3244 tri-

167 3292 242 3338 mem
254 3279 375 3345 exitum,
390 3286 417 3334 et
433 3278 651 3345 formidabilem,
669 3287 696 3334 et
718 3289 853 3336 catervam
868 3280 968 3336 daerno·

166 3389 237 3429 num
258 3372 388 3427 attentius
412 3378 624 3441 exspectantem.
648 3368 699 3436 Qui
713 3386 774 3425 cum
788 3370 814 3425 iu
828 3387 967 3427 occursum

166 3473 365 3538 properassent
381 3465 502 3533 pavendis
516 3464 630 3528 animm,
647 3463 774 3533 prohibiti
787 3460 851 3519 'surrt
866 3471 919 3519 tam
934 3466 968 3520 ab

167 3542 337 3627 archangelo
347 3555 488 3621 iiichaele,
498 3570 578 3631 quam
589 3554 624 3609 ab
635 3553 790 3610 Eleutherio
801 3556 966 3611 confessore.

166 3654 218 3709 Sic
231 3666 299 3721 crgo
311 3652 447 3706 daemones
462 3656 524 3704 sunt
535 3647 664 3712 frustrati,
680 3647 743 3717 quia
756 3647 837 3702 missa
854 3656 894 3702 est
909 3646 968 3701 ani-

168 3763 216 3801 ma
231 3726 332 3813 cdrpus
346 3742 465 3796 revisere
478 3739 615 3811 proprium
631 3747 659 3795 et
671 3738 781 3794 reverti.

208 3837 256 3892 to.
278 3835 389 3889 Solebat
403 3833 484 3888 etiam
508 3831 578 3886 idem
594 3829 745 3887 Libertiuus
759 3829 881 3885 tribuous
899 3830 970 3885 iuter

167 3936 273 3987 atera
297 3925 434 3989 recitare,
456 3922 529 3994 quod
553 3919 665 3991 gloriosi
688 3918 852 3977 confessoris
874 3920 970 3977 notitia

169 4016 326 4084 multorum
341 4019 434 4090 spatiis
454 4026 604 4089 temporum
625 4015 700 4070 velut
721 4015 875 4071 oblitterata
896 4012 972 4069 fieret

168 4122 202 4172 et
213 4113 323 4178 deleta;
342 4109 432 4166 sedin
447 4100 599 4163 novissimis
614 4106 798 4177 temporibus,
813 4121 874 4161 cum
891 4121 970 4160 ruun-

1012 2113 1088 2174 rant,
1104 2105 1245 2161 eeclesiam
1261 2105 1379 2171 intrant,
1394 2105 1521 2174 reliquias
1533 2115 1641 2163 sanctas
1655 2107 1804 2174 inveniunt,

1013 2197 1135 2253 inventas
1149 2198 1301 2267 accipiunt,
1317 2206 1443 2267 acceptas
1454 2196 1593 2264 deferunt,
1609 2204 1637 2251 ut
1652 2198 1677 2252 in
1692 2199 1807 2255 ecclesia

1013 2287 1043 2341 tt.
1058 2286 1148 2341 illaria
1161 2288 1276 2357 Virginis
1289 2303 1336 2342 eas
1349 2296 1487 2357 exportant
1497 2288 1710 2356 magnificentius
1722 2298 1751 2345 et
1762 2305 1807 2347 re-

1013 2379 1140 2435 condant.
1166 2378 1211 2435 Sic
1225 2379 1297 2434 enirn
1310 2378 1344 2434 de
1364 2379 1453 2435 diuina
1467 2378 1573 2436 lustitia
1588 2380 1722 2437 credimus
1735 2382 1807 2436 ordi·

1014 2481 1116 2535 natum,
1134 2478 1163 2527 ut
1177 2472 1221 2542 qui
1235 2472 1422 2542 persecutione
1443 2480 1582 2540 grassante
1604 2472 1719 2527 latuerat
1736 2473 1808 2543 apud

1014 2561 1203 2630 blandinium,
1217 2561 1464 2632 ibidemacciperet
1476 2561 1554 2632 qnasi
1568 2562 1696 2617 latentem
1714 2563 1808 2633 sepul·

1015 2661 1082 2709 turae
1095 2655 1195 2710 iocum.
1208 2651 1240 2707 Et
1253 2654 1298 2723 qui
1309 2652 1479 2724 postmodum
1494 2652 1665 2723 pontificatus
1675 2654 1809 2710 sollicite.

1014 2743 1105 2800 dinem
1126 2743 1360 2799 administraverat
1380 2744 1406 2798 in
1422 2745 1583 2814 propatulo,
1600 2744 1809 2802 clarescentibus

1015 2835 1074 2906 ejvrs
1096 2834 1199 2892 meritis
1220 2834 1400 2904 collocareturv
1417 2834 1515 2889 clarius
1530 2835 1558 2890 io
1571 2833 1627 2889 Tor·
1730 2834 1812 2892 Cives

1016 2939 1080 2994 ergo
1099 2924 1234 2997 praedicti,
1251 2926 1337 2980 sancti
1356 2925 1478 2996 corporis
1496 2941 1588 2982 secum
1610 2925 1728 2982 ferentes
1746 2926 1810 2982 reli·

1016 3017 1113 3087 quies,
1133 3016 1339 3071 revertebantur
1360 3014 1394 3070 ad
1418 3016 1511 3071 urbem
1534 3032 1595 3072 cunr
1616 3016 1708 3082 iaetitia
1720 3059 1728 3085 ,
1742 3019 1811 3074 sicut

1019 3106 1158 3161 exsultare
1172 3106 1288 3162 victores
1306 3114 1367 3160 sunt
1379 3105 1452 3161 soliti
1466 3114 1544 3177 capta
1558 3106 1657 3177 pmda.

1053 3195 1097 3252 ta.
1122 3196 1260 3253 intuentes
1287 3206 1376 3252 autem
1404 3196 1570 3254 habitatores
1589 3197 1663 3254 iliius
1683 3198 1814 3256 territorii

1020 3290 1203 3346 tornacenses
1217 3289 1345 3365 reliquias
1359 3305 1419 3346 cum
1438 3290 1565 3347 violentia
1583 3289 1747 3359 deferentes,

1081 3382 1515 3505 Succedtrfflglrlrrcrgggpfflianlbupgeffi
1527 3444 1636 3505 pericula
1645 3445 1753 3497 mittunt.

1081 3503 1214 3576 intendunt
1224 3516 1295 3554 acres
1306 3517 1377 3554 arcus
1390 3511 1536 3566 amentaque
1546 3512 1669 3567 torquent.

1080 3567 1204 3615 Sternitur
1217 3579 1277 3614 ecce
1290 3564 1366 3613 solum
1376 3564 1443 3626 telis,
1458 3578 1538 3627 pugna
1550 3577 1636 3628 aspera
1647 3568 1737 3626 singli.

1081 3626 1240 3688 Ergosagitta
1253 3626 1460 3688 votaprennnna
1471 3628 1566 3688 mortis,
1579 3636 1604 3675 et
1616 3627 1711 3677 bostem

1083 3686 1221 3750 impetuosa
1233 3692 1294 3751 petit
1307 3702 1313 3736 t
1325 3700 1396 3750 quam
1408 3688 1466 3737 totis
1480 3688 1572 3739 viribus
1583 3694 1672 3749 aetatu,

1020 3769 1093 3826 iiotu
1107 3768 1208 3826 reflexo
1222 3783 1359 3826 reversam
1376 3769 1403 3824 io
1419 3785 1449 3825 sc
1463 3784 1523 3825 eum
1542 3769 1652 3826 vulnere
1673 3772 1813 3843 cepit,.qul

1020 3864 1144 3934 sagittam
1163 3862 1263 3919 emisit.

1083 3952 1175 4004 Conlixl
1186 3965 1229 4017 pro
1245 3956 1291 4004 riis
1301 3953 1496 4005 ielisturiaolur
1512 3962 1644 4015 agrestes:

1084 4016 1211 4077 P·gritata
1240 4028 1284 4065 rus
1296 4018 1389 4079 vaginae
1399 4028 1490 4077 mucro,
1513 4029 1559 4066 uec
1572 4025 1643 4066 eitra

1085 4077 1122 4126 ile
1133 4076 1195 4126 facili
1206 4078 1286 4140 prodit
1295 4077 1369 4139 longo
1381 4085 1480 4138 torpore
1495 4080 1641 4140 quiescens,

1082 4139 1197 4202 Denegat
1206 4140 1312 4189 cilicium
1323 4141 1389 4189 uario
1398 4137 1492 4189 delirus
1504 4142 1530 4190 iu
1541 4142 1601 4190 ictu.

167 4208 224 4263 dus
245 4204 280 4259 ad
300 4208 436 4258 senectam
451 4205 589 4267 vergeret,
610 4197 636 4252 ιιι
650 4212 746 4252 novam
761 4195 970 4253 adolescentiam
1021 4219 1088 4275 Mi„
1113 4234 1166 4275 m·
1189 4219 1302 4287 Quidam
1323 4220 1515 4277 memmium
1537 4221 1686 4289 vulnerati,
1705 4222 1815 4291 quidm

166 4295 308 4355 memoria
319 4289 467 4347 refloreret.
482 4287 559 4356 Quod
571 4287 626 4357 jam
640 4288 739 4343 nostris
753 4302 802 4358 pro
816 4294 893 4357 parte
904 4294 972 4341 tem·
1022 4313 1103 4366 enam
1117 4311 1238 4368 mm
1251 4314 1380 4383 percussi,
1393 4313 1501 4385 qnidam
1514 4322 1607 4370 amem
1617 4316 1647 4369 m
1657 4316 1699 4370 m
1713 4316 1815 4371 semia·

166 4387 287 4459 P⁰f5b¹¹⁸
310 4382 448 4454 imimum
471 4381 605 4435 cemimus
624 4385 652 4432 ⁰¹
666 4378 798 4432 ‘¹⁰¹⁶ffius·
821 4375 890 4442 0¹¹i¹¹
906 4377 970 4442 ³ffi⁰2
1023 4402 1109 4458 nimes
1130 4410 1192 4457 sunt
1215 4403 1311 4459 relicti.
1337 4402 1371 4458 tn
1395 4406 1457 4473 quia
1481 4405 1569 4461 nulius
1593 4406 1692 4460 civium
1721 4408 1817 4462 uulnus

166 4476 195 4532 si
211 4476 294 4544 digna
307 4489 361 4528 ιοιι
372 4480 413 4526 est
427 4468 586 4525 beneficium
602 4468 752 4539 capientem
778 4467 924 4537 obligatum
939 4465 973 4519 ad

165 4569 301 4623 antidora
312 4581 342 4621 se
355 4563 480 4635 quachbet
492 4561 611 4632 profiteri
624 4601 632 4626 ,
647 4560 697 4615 etsi
709 4558 773 4614 nilril
784 4559 891 4627 dignum
905 4574 971 4613 con-

163 4658 273 4717 fessori
296 4656 394 4712 Christi
416 4654 548 4725 possimus
576 4651 747 4719 retribuere,
769 4650 815 4719 qui
836 4650 971 4704 civitatem

162 4750 376 4807 'tornacensem
385 4728 415 4802 et
425 4743 483 4814 ejus
503 4741 618 4799 confinia
629 4741 753 4798 solidavit
764 4740 789 4794 iu
803 4738 867 4805 tide,
882 4749 970 4795 tanren

162 4844 199 4899 in
216 4838 336 4910 copiosis
354 4820 505 4893 actionibus
523 4834 669 4904 gratiarum
692 4832 820 4888 debemus
834 4832 892 4903 ejus
912 4849 969 4909 rne-

161 4933 291 4992 moriam
306 4930 334 4984 in
348 4929 469 4985 cordium
484 4934 637 4982 nostrorum
651 4923 833 4995 penetralibus
842 4924 968 4994 sigillare.

162 5022 255 5092 Quod
275 5020 298 5075 si
318 5034 371 5074 nou
384 5018 545 5082 fecerimus,
567 5031 663 5072 vereor
682 5031 717 5071 nc
735 5014 776 5070 vei
792 5015 971 5071 indevotionis

159 5122 314 5176 statuam,
337 5111 380 5166 vei
397 5108 595 5180 ingratitudinis
617 5106 790 5163 simulacrum
815 5106 968 5162 adoremus.

161 5202 294 5260 infausta
318 5201 376 5255 bac
398 5198 582 5270 prodigiorum
604 5196 730 5260 soboles,
750 5210 862 5265 quarum
886 5196 969 5267 prima

159 5293 310 5354 haftrrrnis,
322 5289 439 5346 secunda
451 5289 566 5352 infamis,
580 5297 693 5358 utraque
705 5289 764 5344 sine
776 5288 863 5353 laude,
876 5297 969 5343 rreutra

158 5394 218 5445 est
233 5387 292 5440 sine
304 5383 393 5439 sorde.
417 5382 597 5438 indevotionis
611 5382 682 5436 cuim
703 5380 869 5449 obscuritas,
884 5388 910 5435 et
928 5381 968 5435 in·

158 5475 349 5549 gratitudinis
362 5470 517 5530 obscenitas
531 5469 659 5526 beneficia
674 5471 807 5542 praeterita
827 5473 969 5542 sepeliunt,

158 5569 320 5645 prasentia
335 5575 527 5637 corrumpunt,
542 5565 628 5620 tunna
643 5566 786 5635 repellunt.
813 5565 912 5619 llaruru
933 5565 972 5619 ia-

157 5672 249 5721 ctum
264 5670 306 5715 cst
328 5659 449 5725 incvrria,
472 5665 501 5713 ut
526 5674 578 5715 non
602 5657 682 5714 fuerit
707 5659 732 5713 iu
755 5660 857 5714 honore
881 5660 972 5716 debito

208 5846 222 5875 '
239 5842 313 5898 hlias
326 5858 386 5913 cap.
402 5857 474 5897 rmv.

1023 4495 1140 4563 excepit,
1154 4494 1209 4549 lieo
1222 4496 1368 4563 gratiarum
1382 4496 1503 4552 actiones
1516 4497 1671 4565 exsolvunt,
1685 4504 1713 4552 ct
1727 4498 1767 4552 sie
1781 4497 1814 4552 ad

1023 4587 1131 4656 propria
1143 4596 1318 4643 reuertentes.

1088 4674 1230 4739 bacillisque
1244 4679 1258 4727 ιι
1265 4662 1357 4742 cuturn,
1371 4683 1513 4741 animusque
1524 4681 1554 4729 ad
1565 4682 1646 4729 sidera
1654 4680 1756 4729 nitunt.

1060 4756 1103 4811 50.
1124 4756 1158 4812 Et
1178 4758 1215 4813 ita
1228 4774 1289 4814 cum
1309 4762 1390 4816 totius
1403 4761 1501 4830 gaudio
1522 4762 1637 4818 civitatis
1655 4762 1681 4815 in
1693 4760 1815 4816 ecclesia

1024 4846 1072 4902 lici
1091 4848 1227 4916 genitricis
1241 4847 1330 4905 blaciae
1345 4851 1506 4906 collocatum
1530 4861 1576 4917 est
1593 4866 1692 4923 corpus
1714 4851 1816 4920 glorio-

1023 4939 1120 4994 sissimi
1135 4939 1304 4997 evrnfes'suris.
1316 4940 1497 4999 0cc.rrrebant
1507 4941 1596 4997 Sancti
1609 4943 1816 5014 oeliqniispara·

1024 5027 1073 5100 lysi
1089 5030 1254 5098 laborantcs;
1281 5033 1494 5089 vociferabantur
1517 5033 1543 5088 in
1566 5034 1653 5103 platea
1678 5034 1819 5105 sedentes,

1023 5121 1068 5189 qui
1084 5122 1257 5189 reliquiarum
1271 5132 1372 5178 attactu
1387 5123 1609 5193 rigirrtiquiuque
1623 5141 1735 5181 numero
1749 5141 1801 5183 con

1023 5214 1107 5267 secuti
1119 5224 1181 5269 surrt
1192 5215 1310 5284 plenarie
1320 5216 1457 5271 sanitates.
1469 5213 1676 5286 porrigebantur
1684 5219 1814 5274 miracula

1023 5299 1057 5355 de
1071 5302 1114 5357 dic
1128 5303 1152 5357 in
1166 5304 1235 5357 diem
1255 5304 1346 5359 Sancti
1362 5305 1474 5361 atteritis.
1497 5304 1572 5362 liade
1596 5314 1624 5362 et
1646 5307 1698 5362 iilis
1720 5307 1816 5363 diebus

1022 5392 1084 5445 caci
1099 5400 1200 5462 septeni
1216 5395 1351 5449 consecuti
1366 5403 1428 5449 surrt
1441 5395 1602 5452 beneficium
1615 5396 1734 5462 visionis,
1747 5413 1817 5468 prae·

1021 5490 1110 5538 stante
1125 5481 1237 5538 bonrino
1251 5483 1314 5540 lesu
1328 5485 1448 5553 Christo,
1465 5488 1511 5557 qui
1530 5504 1591 5544 eum
1609 5486 1689 5544 Patre
1705 5496 1732 5544 et
1751 5489 1815 5561 Spi-

1022 5574 1073 5626 ritu
1097 5582 1192 5630 sancto
1217 5575 1280 5630 vivit
1302 5583 1330 5631 ct
1353 5586 1447 5646 regnat
1468 5579 1494 5633 iu
1521 5578 1616 5633 saecula
1641 5580 1812 5636 seculorum.

1024 5664 1119 5720 limen.

1062 5854 1074 5881 ¹
1087 5842 1115 5898 ln
1130 5861 1243 5911 excuso,
1258 5848 1445 5920 ayulfreomuln.
