4056 6356
277 385 330 444 cn
803 369 831 426 s.
852 364 1034 424 ruinosum
1047 360 1201 421 amsuom
1219 354 1403 419 nusomsrs
1539 378 1545 389 ·
1863 342 1918 401 sao

253 532 256 537 .
278 506 351 562 nium
362 490 502 558 bominum
520 508 585 552 caro
601 509 608 546 z
623 489 705 546 idest
718 499 800 558 quam
812 483 870 554 ipsc
885 481 956 537 Deus
966 476 1070 534 bomini
1084 480 1107 539 Α
1121 475 1269 532 amiserint.
1286 473 1367 531 Solos
1381 471 1464 541 igitur
1474 466 1585 525 abstulit
1599 472 1741 538 peccatum
1755 467 1917 539 concepero.

278 597 365 669 primo
390 601 403 629 ¹
427 589 461 645 de
474 595 547 643 terra
560 579 719 654 plasmavit,
734 586 763 632 et
785 573 890 631 ceteris
915 569 1070 627 hominibus
1098 590 1101 593 ·
1121 569 1164 626 nis
1177 569 1259 642 508
1269 574 1350 636 atque
1363 562 1512 619 nativitatis
1523 561 1647 617 bunnense
1660 557 1731 615 Deus
1744 556 1917 629 Unigenitus‚

278 687 404 757 plasmat,
412 693 481 750 quos
490 668 764 747 perpropagationem
775 680 808 725 en
819 661 972 718 bominibus
983 665 1069 715 creat.
1121 660 1246 732 quidum
1265 657 1455 727 conciperetur
1474 653 1618 710 ueritatem
1645 652 1734 708 carnis
1763 651 1869 723 accepit
1881 666 1920 708 ex

278 775 332 834 Sed
351 773 415 829 licet
428 784 492 825 caro
515 763 617 821 Christi
639 770 668 818 et
691 759 812 816 omnium
833 755 972 813 bominum
991 752 1071 809 tinius
1121 748 1239 819 uirgine,
1255 756 1358 804 etcum
1379 752 1537 803 nasceretur
1554 742 1737 812 iutegritatem
1754 742 1921 812 virginitatis

279 867 452 938 ejusdemque
476 866 577 915 naturae
590 856 636 925 sit,
651 855 709 910 bec
722 861 813 907 tamen
827 862 909 921 quam
921 847 993 903 Deus
1003 844 1071 900 Ver·
1121 844 1240 901 seruauit
1253 842 1280 898 in
1299 850 1394 896 matre.
1410 838 1464 896 lsta
1474 852 1556 894 causa
1571 844 1613 893 est
1626 836 1764 907 quatiens
1777 834 1920 892 lactus'est

279 961 342 1015 bum
356 972 391 1013 ex
413 952 497 1009 llaria
510 950 621 1020 Virgine
635 946 687 1003 sibi
700 946 777 1002 unire
796 944 921 1015 dignatus
942 950 995 1010 est,
1011 940 1071 997 sine
1123 937 1193 993 filius
1208 936 1321 1005 virginis
1342 933 1443 1004 blariac,
1456 941 1484 988 et
1498 930 1583 986 blaria
1601 929 1678 998 uirgo
1692 929 1762 986 facta
1776 937 1818 985 est
1829 940 1920 986 mater

278 1057 390 1124 peccato
402 1050 533 1116 concepta
545 1042 570 1110 ¹²,
596 1042 654 1098 sine
674 1047 787 1111 peccato
807 1049 871 1094 nata
885 1046 927 1093 est
943 1055 949 1091 :
964 1041 1071 1106 utpote
1123 1025 1259 1097 Unigeniti
1273 1014 1344 1082 ltei‘:
1360 1032 1389 1080 ut
1399 1038 1483 1098 quem
1494 1023 1576 1077 Pater
1594 1021 1687 1091 genuit
1705 1036 1739 1076 cn
1753 1021 1917 1086 aeternitate,

277 1142 424 1203 secundum
438 1153 520 1210 quam
533 1137 731 1192 Musmtemus
747 1140 775 1188 et
790 1132 879 1200 iustus
890 1127 1071 1186 misericordi·
1122 1123 1211 1193 ipsum
1234 1121 1311 1193 virgo
1335 1126 1496 1191 conceptum
1510 1115 1644 1188 proferret
1665 1114 1693 1170 in
1712 1122 1836 1184 tempore
1849 1131 1856 1167 :
1871 1113 1918 1169 illa
2016 1176 2017 1187 χ

278 1245 330 1298 ter,
355 1241 383 1292 et
393 1239 551 1301 conceptus,
567 1234 595 1283 et
610 1232 752 1290 natusest,
781 1232 809 1278 ct
822 1222 953 1279 Dominus
977 1219 1071 1290 gloria
1121 1213 1312 1285 nnqnscirgo,
1326 1206 1598 1282 quanticunque
1613 1221 1644 1263 ea
1655 1204 1918 1271 fueratnasciturus,

277 1327 419 1386 crucifixus
431 1332 482 1382 est.

313 1419 357 1476 fb.
378 1417 471 1474 Libido
499 1412 659 1471 concubitus.
688 1438 723 1449 -·
743 1408 845 1475 Quibus
873 1411 963 1460 autern
982 1402 1072 1459 verbis
1121 1390 1413 1450 baberetuentris'sui
1438 1387 1563 1455 fructum,
1579 1400 1661 1456 quem
1685 1398 1719 1440 ex
1739 1382 1817 1438 initio
1833 1382 1920 1438 babet

277 1510 458 1585 explicabitur
468 1507 556 1565 carnis
569 1504 640 1561 illius
653 1499 815 1558 excellentia
825 1496 979 1566 singularis,
994 1493 1071 1564 cuius
1122 1483 1283 1540 universitas
1295 1480 1457 1537 Dominum:
1472 1483 1500 1532 et
1510 1476 1598 1547 ipsum
1610 1473 1661 1529 sibi
1671 1472 1775 1529 rideret
1789 1472 1919 1528 nasorum

1121 1304 1158 1360 ita
1172 1301 1300 1373 singulari
1313 1301 1398 1371 gratia
1408 1297 1539 1371 praevenit
1553 1304 1635 1366 atque
1647 1294 1772 1365 replerit,
1789 1302 1819 1348 ut
1828 1293 1918 1363 ipsum
2016 1362 2017 1371 χ

277 1604 368 1661 divina
390 1609 433 1658 est
456 1615 490 1655 οι
504 1598 562 1669 ipsa
575 1595 617 1653 sui
631 1591 809 1662 conceptione
829 1600 841 1628 ⁶
855 1584 1071 1660 permonemur
1121 1572 1292 1631 solemnitate
1302 1569 1448 1635 subditum,
1462 1580 1544 1639 qinom
1558 1564 1587 1621 in
1602 1563 1706 1620 unitate
1720 1569 1842 1633 paternae
1852 1562 1918 1616 suls-
2016 1598 2017 1653 ζ

277 1696 354 1766 urigo
368 1690 515 1748 natiuitatis
528 1687 645 1747 insolita.
659 1683 758 1754 qnasic
769 1681 885 1736 Verbum
895 1692 959 1735 caro
970 1678 1070 1734 fuctum
1122 1665 1228 1723 stantiae
1242 1680 1296 1721 non
1309 1663 1397 1720 solum
1408 1661 1537 1726 hnmana,
1549 1656 1598 1715 sed
1609 1655 1694 1712 ctiam
1707 1652 1827 1723 angelica
1839 1666 1918 1708 crea-
2016 1676 2017 1683 ι

277 1796 328 1855 cst,
344 1794 375 1842 ut
388 1800 441 1841 una
456 1795 572 1855 persona
585 1785 658 1835 esset
677 1789 835 1832 cumcurm.
849 1787 896 1829 sua
912 1756 1070 1842 Unigenitus
1123 1773 1183 1819 itte
1202 1761 1343 1832 mgnoscil
1357 1767 1385 1815 ct
1402 1757 1497 1831 adorat
1511 1754 1690 1812 ditissimum.

278 1895 309 1936 ac
332 1876 511 1948 sempiternus
531 1872 613 1936 Deus,
628 1869 686 1939 ipsa
710 1881 765 1922 sune
779 1865 868 1921 carnis
890 1861 1110 1932 conceptioneB
1159 1851 1202 1907 ¹8·
1223 1851 1344 1921 Sleetge
1356 1853 1500 1948 peeeefunt
1512 1853 1632 1946 etpoene
1646 1843 1762 1944 peccati,
1787 1857 1847 1913 quse
1868 1857 1917 1913 per

277 1974 432 2039 conseptus.
448 1964 530 2021 lcum
544 1975 611 2017 vcro
626 1967 785 2017 ceterorum
799 1955 940 2012 bominum
960 1968 1071 2017 carnem
1121 1941 1209 1999 scelus
1222 1945 1356 2009 corrupta
1378 1935 1500 1993 mulieris
1521 1941 1633 1990 intrant
1654 1948 1681 1986 m
1704 1929 1845 2001 mrrnduus,
1867 1946 1918 2002 per
2016 1974 2017 1983 ,

277 2076 326 2133 per
349 2058 496 2113 humanum
523 2060 629 2111 certum
649 2058 692 2105 est
711 2047 786 2104 nasci
808 2045 994 2110 concubitum,
1011 2045 1071 2100 viro
1121 2033 1258 2090 inviolate
1280 2029 1393 2100 virginis
1419 2035 1525 2099 partum
1549 2025 1670 2082 aufertor
1690 2023 1825 2080 amundo
1840 2034 1863 2079 t.
1885 2022 1918 2080 tn

277 2151 440 2215 seminante,
456 2145 557 2202 femina
569 2156 635 2199 uero
646 2138 817 2209 concipiente
841 2144 923 2206 atque
937 2135 1069 2206 pariente.
1121 2125 1185 2196 quia
1195 2124 1224 2180 iu
1237 2122 1393 2179 conditione
1406 2117 1514 2191 generis
1523 2117 1632 2174 humani
1643 2115 1843 2187 permedierem
1856 2130 1918 2186 qua

277 2242 312 2302 Et
324 2243 388 2313 quia
415 2239 479 2297 dum
493 2235 545 2293 sibi
566 2234 681 2291 inuicem
695 2231 738 2287 uir
755 2228 906 2298 mulierque
923 2226 1073 2284 miscentur
1121 2214 1156 2271 de
1169 2214 1229 2271 solo
1244 2212 1302 2268 uiro
1316 2209 1390 2266 facta
1403 2216 1456 2278 est,
1470 2207 1585 2278 contigit
1604 2214 1635 2263 ut
1644 2205 1740 2263 mortis
1754 2203 1862 2261 uinculo
1874 2212 1917 2262 te·

278 2344 308 2392 ut
330 2332 400 2390 tilios
412 2336 559 2403 generent,
573 2328 631 2384 sine
656 2324 768 2381 libidine
790 2337 845 2379 non
868 2329 911 2378 est
930 2327 1072 2391 parentum
1122 2322 1250 2365 ueremur
1264 2304 1402 2369 omittetis
1421 2304 1477 2381 hee
1498 2303 1526 2359 in
1545 2300 1733 2371 redemptione
1747 2299 1857 2356 humani
1869 2312 1917 2370 gc·

278 2425 448 2488 concubitus,
464 2423 500 2478 ob
512 2421 565 2476 lroc
584 2416 700 2473 illiorum
712 2430 747 2471 ex
758 2427 854 2469 eorum
864 2426 946 2468 carne
960 2424 1073 2467 nascen-
1122 2400 1196 2456 netis
1213 2397 1304 2455 divine
1324 2395 1431 2453 bonitas
1454 2396 1519 2465 ⁰8¹¹,
1544 2402 1574 2449 ΰῑ
1586 2408 1637 2464 per
1649 2393 1736 2450 lirum
1754 2392 1801 2462 qni
1811 2391 1847 2447 ¹¹0
1857 2390 1917 2447 ⁸⁰¹²

279 2519 346 2575 tium
360 2531 414 2573 non
428 2519 519 2586 potest
536 2510 596 2567 eine
621 2512 733 2579 peccato
756 2519 817 2561 esse
842 2507 1002 2572 conceptus,
1026 2499 1072 2556 nbi
1122 2491 1237 2549 muliere
1255 2489 1265 2530 ¹
1280 2497 1361 2547 natus
1374 2489 1492 2556 connita
1508 2487 1662 2544 bominibus
1676 2484 1842 2542 redderetur.
1858 2482 1917 2541 llfic

220 2584 223 2588 ι
278 2614 420 2683 peecatum
434 2605 462 2660 in
473 2599 600 2675 paruulos
611 2615 665 2655 non
677 2594 835 2653 transmittit
845 2591 1013 2665 propagatio,
1025 2590 1073 2647 sed
1123 2586 1269 2642 humanam
1280 2591 1404 2640 naturam
1414 2579 1578 2654 nequissima
1588 2579 1750 2651 deceptione
1761 2580 1811 2635 sibi
1824 2578 1918 2635 diabo·

278 2697 360 2756 bbido
371 2713 381 2765 ;
394 2710 446 2751 nec
457 2691 607 2751 fecunditas
621 2696 724 2745 staturae
738 2686 863 2742 humanae
873 2682 937 2740 facit
949 2681 1073 2738 homines
1123 2685 1166 2743 lut
1182 2684 1210 2741 in
1231 2682 1335 2755 peccati
1349 2668 1552 2737 similitudinem
1577 2676 1708 2741 sociarit;
1722 2674 1765 2731 bic
1777 2673 1848 2729 bens
1862 2674 1916 2729 bu·
2016 2696 2017 2753 ι

277 2805 340 2848 cuns
353 2793 465 2860 peccato
479 2784 564 2849 nasei,
579 2781 628 2839 sed
642 2779 751 2837 funditas
774 2776 909 2841 libidinis,
926 2789 1007 2845 quam
1021 2774 1072 2829 bo·
1123 2786 1233 2833 manain
1255 2779 1379 2828 saturam
1399 2768 1575 2849 inunitatem
1588 2778 1713 2836 personae
1735 2762 1859 2833 suscepit.
1874 2762 1918 2820 ibi

279 2882 366 2938 mines
379 2878 480 2935 babent
501 2891 536 2933 ex
546 2873 629 2930 'illius
641 2871 721 2943 primi
739 2868 888 2945 justissima
907 2866 1073 2923 condemna·
1123 2864 1224 2923 femina
1237 2863 1419 2934 decepta-est,
1434 2867 1465 2916 ut
1479 2858 1557 2914 fleret
1570 2855 1626 2912 fllia
1646 2853 1764 2912 diaboli:
1778 2852 1823 2910 bic
1836 2853 1918 2926 uirgo

279 2974 353 3031 tione
362 2969 475 3044 peceati·
485 2967 550 3025 ldee
562 2967 658 3022 beelei
669 2962 764 3028 David,
776 2958 943 3031 quemvisde
952 2957 1073 3026 legitimo
1112 2958 1211 3032 *gratia
1226 2957 1328 3028 repleta
1342 2962 1394 3023 est,
1409 2961 1441 3009 ut
1454 2950 1531 3007 fleret
1544 2956 1632 3006 mater
1654 2947 1752 3003 summi
1775 2954 1857 3017 atque
1877 2946 1917 3001 in·
2016 3030 2017 3033 Ἴ

279 3054 439 3124 nasceretur
447 3063 575 3131 iustoque
589 3056 726 3128 coniugio,
741 3056 767 3111 in
781 3068 835 3127 quo
849 3053 953 3109 scilicet
968 3066 1019 3107 nec
1033 3051 1074 3106 in-
1124 3048 1324 3110 comnrntabilis
1338 3045 1473 3116 Unigeniti
1488 3043 1545 3100 [tei.
1563 3041 1602 3098 lbi
1613 3040 1723 3111 angelus
1737 3038 1858 3110 delectus
1868 3054 1918 3109 per
2016 3066 2017 3085 ι

280 3156 417 3215 fidelitatis
427 3154 506 3227 culpa
518 3192 527 3220 ,
538 3166 589 3207 nec
601 3148 789 3207 fornicationis
802 3145 907 3201 macula
916 3151 1024 3214 poterat
1037 3142 1075 3198 in·
1126 3143 1291 3215 superbiam,
1306 3138 1425 3197 seductae
1437 3136 1559 3210 mulieris
1569 3135 1690 3191 animum
1704 3133 1821 3190 obtinuit
1832 3131 1917 3197 ⁸3bic

280 3248 366 3305 neuin
382 3265 388 3301 :
404 3251 515 3317 propter
528 3230 659 3311 originale
681 3236 1197 3312 tamenpeccatum,qnona·01tens
1219 3232 1364 3289 humilians
1383 3245 1414 3288 se
1438 3245 1489 3302 per
1509 3226 1732 3293 misericordiam,
1755 3225 1919 3295 incorrupta
2016 3232 2017 3249 i

280 3340 403 3398 turaliter
416 3335 539 3394 obstricti
549 3332 675 3403 suntdlii
689 3331 750 3397 ire,
764 3344 819 3384 nnn
832 3327 919 3384 solum
930 3327 1074 3397 impiorum
1126 3325 1237 3395 uirginis
1251 3331 1357 3380 uterum
1371 3339 1406 3380 ex
1419 3338 1453 3379 ea
1472 3322 1626 3379 nasciturus
1639 3318 1769 3391 impleuit.
1786 3318 1835 3374 liei
1847 3316 1918 3374 enirn
2016 3392 2017 3397 η

280 3437 338 3503 filii,
353 3433 401 3492 sed
414 3445 511 3489 omues
532 3428 615 3491 etiam
638 3425 684 3495 qui
699 3423 733 3481 de
748 3422 883 3492 justorum
907 3417 1074 3475 sanctificata
1125 3419 1210 3475 Filius
1223 3416 1301 3474 iesus
1314 3415 1438 3474 cbristus
1456 3415 1503 3486 qui
1526 3415 1553 3469 in
1583 3414 1668 3470 fornia
1681 3413 1729 3469 Dei
1742 3419 1802 3469 erat
1827 3413 1838 3484 l
1847 3410 1919 3482 quod

279 3545 361 3588 carne
385 3518 541 3587 nascuntur,
561 3519 695 3576 exclamat
715 3523 743 3572 et
755 3514 823 3572 dicit
834 3522 844 3567 t
874 3512 942 3566 Ecce
963 3512 1074 3566 enimin
1126 3510 1176 3566 nisi
1189 3524 1224 3565 er
1237 3516 1335 3564 natura
1346 3507 1436 3563 Patris
1449 3516 1528 3563 natus
1540 3513 1623 3571 esset,
1638 3521 1699 3564 esse
1711 3521 1764 3563 non
1776 3513 1870 3578 posset
1882 3504 1919 3576 ¹¹),

279 3619 456 3693 iniquitatibus
471 3621 687 3689 concepturam,
703 3617 728 3664 et
741 3610 770 3663 in
783 3606 883 3661 delictis
897 3606 996 3677 peperit
1010 3600 1073 3659 rared
1126 3602 1193 3673 lpse,
1208 3600 1356 3659 secundum
1371 3598 1549 3670 apostolicam
1568 3597 1731 3665 doctrinam,
1754 3598 1920 3667 semenpsam

280 3718 364 3764 muter
390 3723 448 3763 mec
467 3703 554 3772 (Ρωὶ.
578 3719 604 3769 n,
633 3701 671 3770 ¹1).
700 3698 816 3754 Sanctus
835 3695 918 3751 etiam
931 3692 982 3751 lob
996 3693 1073 3762 dicit,
1115 3695 1391 3765 ,ostensivis-fornum
1402 3693 1468 3747 serni
1482 3692 1613 3761 occipiens
1628 3689 1739 3761 (Philip.
1756 3704 1784 3755 u,
1796 3688 1836 3759 Ἰ).
1852 3688 1920 3745 For·
2016 3674 2017 3703 ³

281 3802 408 3857 rotradum
431 3814 447 3853 a
469 3793 552 3855 sorde
565 3809 620 3849 non
635 3806 696 3847 esse
722 3790 871 3850 bominem,
886 3802 937 3842 nec
949 3785 1074 3842 'sinnius
1125 3800 1197 3840 mam
1211 3798 1277 3854 ergo
1289 3785 1370 3850 serui,
1388 3783 1467 3839 idest
1481 3791 1605 3839 naturam
1625 3781 1696 3837 servi
1711 3781 1739 3836 in
1749 3795 1826 3836 suam
1841 3794 1921 3837 acce«

281 3893 332 3949 diei
345 3893 381 3948 sit
390 3891 446 3944 vita
457 3887 516 3957 elus
526 3900 608 3957 super
618 3889 718 3939 terram
730 3878 790 3951 cleb
805 3895 858 3943 mv,
871 3877 958 3943 brec.
975 3876 1071 3946 bnt).
1125 3879 1164 3949 pit
1175 3877 1246 3933 [teus
1267 3876 1481 3947 disperseram,
1498 3878 1589 3946 'atque
1611 3874 1647 3929 ita
1672 3874 1811 3930 bominum
1833 3872 1921 3930 factor

318 3984 360 4037 ll.
381 3982 428 4036 bei
441 3994 505 4048 ergo
521 3976 603 4032 Filius
618 3973 780 4043 unigenitus,
796 3972 841 4041 qui
854 3970 933 4039 estin
948 3971 1008 4047 sinu
1024 3968 1074 4024 Pa·
1126 3972 1152 4025 in
1164 3969 1366 4027 similitudinem
1373 3969 1511 4036 bominum
1522 3967 1727 4032 factus,·babitn
1739 3975 1780 4023 cst
1794 3968 1922 4023 irruentes

278 4077 339 4139 tris,
355 4082 385 4128 ut
403 4062 513 4128 carnem
527 4068 645 4125 bominis
658 4067 829 4132 animamque
844 4063 996 4125 mundaret,
1013 4079 1073 4118 sns-
1113 4072 1154 4115 Ιἰιι
1170 4063 1261 4127 lucino,
1293 4063 1348 4131 ipse
1372 4060 1522 4137 humiliavit
1544 4059 1728 4129 semetipsum,
1743 4047 1841 4114 'factus
1856 4062 1923 4114 obe·

280 4163 406 4233 ceptione
432 4158 520 4215 carnis
542 4166 623 4226 atque
647 4156 743 4210 animae
764 4150 904 4207 rationalis
920 4153 1073 4208 incarnatus
1124 4153 1200 4208 diens
1211 4151 1284 4206 Patri
1300 4166 1382 4221 usqne
1396 4149 1429 4204 ad
1454 4156 1580 4216 mortem,
1595 4138 1708 4205 mortem
1725 4159 1815 4205 aretem
1833 4151 1923 4207 crucis

282 4266 338 4325 cst;
352 4265 379 4313 et
399 4254 444 4325 qni
464 4262 506 4309 cst
529 4251 601 4307 Deus
613 4264 701 4314 verus,
718 4249 800 4302 bomo
821 4260 901 4301 nerins
922 4245 1071 4309 lentunen,
1124 4243 1219 4313 (ltin,
1233 4245 1271 4315 8).
1335 4255 1339 4273 ³
1365 4264 1370 4273 ι
1725 4252 1728 4261 ¹

281 4366 336 4405 nen
349 4357 379 4403 nt
391 4345 458 4401 tlier
468 4343 540 4399 Deus
553 4338 710 4398 meetabet
730 4338 827 4401 home:
844 4336 891 4392 sed
908 4335 976 4391 idem
991 4334 1071 4399 bens,
1160 4338 1203 4394 ta.
1217 4340 1321 4394 {nitente
1335 4336 1415 4406 igitur
1427 4338 1497 4392 lianc
1509 4336 1631 4407 Apostoli
1642 4336 1803 4391 seutentiam
1816 4337 1924 4409 cogita,

280 4438 352 4496 idem
365 4436 457 4494 borno.
465 4433 519 4502 Qui
528 4426 559 4489 ut
571 4430 789 4501 ittudpeoeann
802 4427 875 4498 quod
889 4433 916 4485 tn
928 4426 1072 4484 concubitu
1123 4432 1191 4486 etin
1206 4436 1398 4505 eacognotces
1412 4429 1557 4499 quomodo·
1571 4428 1714 4483 bomimm
1728 4418 1821 4483 lesum
1841 4426 1926 4484 Cbriss
2016 4408 2017 4489 ]

279 4530 402 4590 mortalis
414 4527 503 4585 carnis
514 4525 653 4598 generatio
663 4521 927 4580 bumanacontrarit
941 4519 1069 4586 auferret,
1122 4533 1193 4580 stum
1208 4522 1332 4580 cumdem
1355 4520 1441 4578 iteum
1462 4528 1543 4592 atque
1570 4514 1707 4576 bominem
1735 4519 1926 4577 necesitas
2016 4550 2017 4589 ss

279 4628 426 4693 conceptus
438 4627 482 4677 est
493 4633 565 4675 novo
589 4631 676 4685 more,
692 4616 763 4672 fieus
776 4616 932 4671 incarnatus
942 4613 970 4669 in
983 4622 1071 4670 matre
1084 4636 1112 4703 D
1123 4623 1214 4672 namen
1229 4615 1256 4670 in
1266 4631 1300 4671 eo
1314 4613 1457 4670 veritatem
1472 4612 1613 4682 utriusque
1626 4620 1729 4666 naturae
1743 4610 1770 4665 in
1786 4626 1843 4665 una
1860 4627 1926 4682 per·

278 4713 392 4783 uirgine,
406 4712 465 4781 siue
478 4710 551 4768 coitu
562 4709 621 4775 viri,
635 4709 695 4766 sinc
707 4707 817 4765 libidine
828 4708 1006 4779 concipientis
1017 4707 1071 4763 rir-
1122 4723 1199 4774 sona,
1210 4713 1258 4762 aut
1272 4701 1430 4769 confundas,
1445 4711 1492 4759 ant
1505 4700 1697 4759 divinandum
1715 4715 1782 4770 ergo
1799 4703 1927 4772 priunum

278 4805 347 4875 ginis
362 4822 369 4858 ε
384 4810 413 4858 ut
425 4818 474 4874 pec
488 4802 574 4858 ileum
587 4802 735 4868 bominem,
750 4815 832 4871 quem
846 4800 948 4871 absque
961 4799 1072 4855 libidine
1121 4799 1199 4855 audis
1220 4798 1254 4855 de
1277 4795 1469 4853 Dominolesu
1488 4793 1597 4852 Christo
1619 4784 1684 4865 qnia
1706 4792 1733 4849 in
1757 4794 1849 4873 forum
1876 4794 1929 4851 Dei
2016 4844 2017 4855 ,

278 4903 439 4966 conceptum
454 4892 599 4949 inviolatus
612 4890 697 4948 edidit
709 4892 826 4965 uirginis
845 4898 956 4960 uterus,
977 4891 1071 4947 ablue·
1122 4888 1190 4959 erat,
1206 4898 1315 4962 oportet
1328 4898 1356 4946 te
1370 4903 1520 4959 agnoscere
1544 4888 1751 4958 finnissimeqne
1767 4894 1882 4954 tenere,
1900 4888 1929 4942 in

278 4994 353 5043 retur
366 4976 510 5059 peccatum
527 4985 601 5059 quod
614 4994 758 5042 dementes
782 4984 892 5039 trahunt
906 4999 1001 5040 omnes
1019 4983 1070 5039 bo·
1119 4984 1169 5041 illo
1189 4983 1282 5041 formae
1303 4982 1413 5039 nomine
1437 4982 1588 5038 naturalem
1612 4978 1807 5053 plenitudinem
1818 4979 1931 5036 debere
2016 4986 2017 5061 ᾗ

277 5079 365 5136 mines
382 5077 535 5149 :quibusin
549 5091 666 5149 corpore
678 5077 773 5133 mortis
786 5076 867 5147 liujus
882 5076 944 5130 talis
958 5083 1070 5131 estnns·
1124 5075 1245 5145 intelligi.
1261 5074 1290 5131 ln
1305 5073 1390 5155 forma
1401 5074 1482 5146 igitur
1492 5073 1541 5130 bei
1559 5073 1689 5130 Dominus
1701 5071 1780 5128 lesus
1794 5069 1932 5128 Christus
2016 5068 2017 5085 l

270 5170 356 5228 uendi
378 5168 507 5236 conditio,
532 5180 563 5226 ut
576 5178 677 5226 matres
702 5184 796 5225 eorum
810 5166 980 5223 fecunditatis
1003 5181 1071 5237 opus
1123 5175 1196 5235 erat,
1212 5167 1314 5239 quiain
1330 5175 1427 5222 natura
1441 5166 1489 5222 ilci
1503 5165 1590 5221 Patris
1603 5180 1710 5237 semper
1724 5173 1794 5231 erat,
1812 5162 1855 5219 de
1870 5178 1931 5235 quo

278 5259 390 5331 implere
401 5276 456 5317 non
478 5260 596 5349 possint,
613 5260 663 5315 nisi
677 5260 752 5331 prius
772 5256 952 5327 virginitatem
980 5256 1071 5313 carnis
1123 5267 1282 5318 natuserat.
1298 5258 1458 5330 Uniusergo
1469 5267 1574 5315 naturae
1589 5273 1650 5315 curn
1665 5252 1745 5313 Patre
1754 5264 1805 5326 est,
1823 5272 1932 5329 aequa-

314 5490 327 5520 ⁸
345 5481 395 5537 ΜΒ·
410 5496 488 5548 ⁰⁰⁰⁸·
504 5481 532 5535 t'tt
546 5481 757 5563 '‘⁰M5l'0,f?¹'5m⁰·
1161 5481 1170 5521 ¹
1193 5484 1243 5539 Mu.
1260 5486 1366 5551 mnicuS,
1383 5484 1490 5540 ntuliere
1504 5485 1613 5557 virgine.

314 5552 328 5592 ¹³
346 5553 393 5609 Sic
405 5568 469 5608 mss.
486 5548 602 5635 tresbt
614 5549 687 5632 editi,
697 5551 753 5604 sinc
767 5558 870 5620 peccato
882 5557 1011 5619 suscepta.
1156 5564 1169 5603 a
1189 5554 1370 5627 mmmm
1384 5556 1502 5611 mutari,
1515 5566 1625 5610 mensem
1639 5556 1770 5623 compsi,-
1791 5560 1821 5609 ει
1839 5556 1933 5626 paulo

315 5633 327 5661 ⁶
348 5621 409 5677 va‘·
426 5636 506 5686 ”³⁰⁸4
519 5620 737 5702 Μ’θθῆώῑῖθηῖχ
857 5690 863 5703 ,
1118 5636 1180 5700 post
1194 5641 1259 5682 mss.
1275 5634 1339 5691 tres,
1356 5628 1459 5681 incorrat
1481 5636 1513 5681 tic
1526 5627 1642 5682 nrulieris
1655 5626 1771 5698 uirginis.

272 5774 275 5779 ,
314 5691 334 5774 “’,
346 5691 385 5747 ¹²³
398 5708 462 5749 mss.
477 5700 604 5762 quatuor.
625 5690 660 5746 Αῑ
674 5690 738 5747 edm
762 5698 790 5747 et
803 5689 890 5746 Vane·
908 5704 986 5756 nnn,
1002 5705 1065 5745 con·
1156 5696 1169 5735 n
1189 5694 1296 5753 siens.
1312 5696 1394 5753 noro.
1406 5697 1442 5751 ιι
1456 5644 1543 5752 lasne.
1561 5705 1631 5763 ires.
1647 5697 1691 5769 qus
1704 5700 1732 5752 n
1752 5700 1846 5770 forna
1866 5700 1936 5769 nes,

278 5770 345 5831 cepit
368 5779 417 5816 me.
1119 5769 1186 5841 qnod
1199 5775 1273 5835 erut,
1289 5768 1339 5822 niti
1359 5783 1392 5823 cn
1411 5778 1505 5822 nntnru
1519 5767 1609 5823 Petris
1629 5776 1707 5822 nutus
1718 5777 1783 5822 esset
1794 5783 1861 5824 esse
1875 5782 1937 5827 aron

315 5841 327 5868 ⁰
346 5831 395 5887 ils.
406 5848 483 5895 unus,
496 5835 601 5903 cornipit
612 5841 639 5886 nt
652 5851 697 5902 per
707 5832 955 5914 iscariolutoelcirpinis
964 5841 1066 5903 pariunt
1119 5847 1213 5910 posset.
1229 5837 1291 5895 Vnt,
1307 5839 1385 5907 alter,
1400 5840 1443 5911 qui
1457 5840 1542 5912 formu
1554 5837 1612 5907 Dei,
1627 5838 1696 5911 qttod
1710 5849 1776 5908 erut,
1788 5845 1851 5895 ctc.

280 5901 451 5969 anferretnrn
465 5903 572 5967 nisinun·
587 5914 651 5957 mss.
664 5910 729 5969 tres,
741 5917 785 5972 per
795 5901 956 5958 snorolntnm.
