4070 6326
211 381 264 438 ιιι
734 367 762 423 s.
780 364 960 423 susanam
979 359 1132 419 uniscunt
1151 318 1338 419 auscensis
1788 364 1840 425 555

212 492 302 551 'amem
314 485 566 557 eanrersiadnpliei
576 477 828 540 rationesnbsistit:
844 477 867 532 sl
880 490 930 532 nec
941 480 998 546 poe·
1012 481 1034 538 A
1049 472 1134 528 sentis
1157 479 1265 543 tempos
1291 469 1469 527 conversioni
1481 468 1649 528 demonstrat
1663 452 1840 546 aptissimum,

213 585 325 642 nitemia
337 589 511 654 sperantem,
531 592 582 633 nee
602 587 665 646 spes
686 571 794 628 deamat
806 568 1000 641 paenitentem
1051 564 1162 620 dicens:
1178 562 1298 635 iniquae,
1312 563 1336 617 si
1348 578 1377 617 ιι
1390 571 1520 618 conseret
1537 564 1570 616 ab
1590 563 1706 619 amnibus
1720 567 1843 631 inimita-

213 690 246 731 ac
259 690 308 747 per
321 674 392 741 boc,
417 673 440 728 si
459 686 494 727 ex
518 676 576 725 tuto
599 662 683 723 eorde
700 662 846 733 quisquam
865 659 1002 716 renuntiet
1050 653 1116 710 tibur
1126 656 1180 721 peis
1189 670 1254 727 quas
1269 656 1339 727 jecit,
1350 662 1375 709 et
1385 654 1534 708 custodierit
1543 655 1630 708 amnia
1640 657 1764 713 mandata
1774 675 1841 727 mea,

213 773 326 837 peccato
339 779 416 827 sna,
434 769 462 816 ιι
477 767 535 815 toto
548 752 631 814 corde
644 769 721 825 spem
738 759 822 824 ponat
835 749 1002 807 remissionis
1050 754 1076 800 et
1089 746 1168 817 jacim
1174 745 1315 816 justitiam,
1331 751 1356 799 et
1367 742 1581 835 misericordias,
1592 745 1644 797 rita
1663 746 1737 811 niret,
1757 756 1782 801 et
1790 765 1843 804 nan
1873 798 1878 811 ‚

214 859 244 911 in
258 856 322 911 Deo.
335 853 439 908 Etenim
453 862 644 919 nonnunquam
657 851 704 900 aut
713 859 788 914 spem
803 840 1002 913 paenitentibo-
1051 836 1183 891 morietur.
1209 832 1306 890 Omnia
1329 834 1425 889 delicta
1446 833 1503 904 ejus
1527 851 1683 907 quaerunque
1707 840 1768 909 jecit
1791 856 1844 896 non

214 946 279 1001 mini
293 942 416 1000 diabolus
429 939 541 1005 adimit,
557 945 604 992 aut
617 933 736 1007 speranti
750 931 937 1004 paenitentiam
951 929 1003 984 tal·
1051 935 1126 980 erunt
1151 927 1180 981 in
1200 927 1332 982 memoria.
1354 923 1387 979 ln
1400 942 1447 979 nra
1466 925 1570 996 justitia
1588 942 1665 998 quam
1688 930 1748 998 jecit
1767 931 1841 986 ciaet.

214 1035 264 1089 lit:
284 1047 365 1088 unum
388 1030 452 1085 dum
475 1035 580 1094 onerat,
604 1024 775 1096 consprimit;
799 1021 914 1078 alterum
938 1020 1001 1075 dum
1052 1014 1179 1089 Nsnauid
1208 1018 1339 1072 redamate
1366 1018 1423 1072 nota
1450 1026 1561 1070 mortem
1589 1021 1747 1088 peccatoris,
1781 1021 1845 1076 dicit

214 1123 312 1190 elevat,
327 1120 428 1191 dejicit.
447 1117 540 1187 ludas,
554 1117 601 1187 qni
615 1115 750 1172 Christum
765 1112 884 1173 tradidit,
899 1110 1002 1181 peremi
1052 1108 1189 1177 Dominae,
1204 1127 1282 1181 quam
1294 1120 1323 1165 ut
1336 1119 1465 1165 avertatur
1475 1109 1507 1164 de
1520 1109 1562 1164 eia
1576 1126 1623 1166 sna
1638 1113 1717 1179 mala,
1729 1124 1754 1168 et
1763 1116 1846 1170 airere

214 1214 256 1272 sui
267 1213 450 1286 poenitentiam
463 1211 567 1282 gessit,
590 1207 638 1264 sed
652 1206 767 1262 salutem
780 1201 916 1274 perdidit,
939 1201 1003 1269 quia
1052 1199 1129 1254 sarai
1143 1197 1208 1254 Cam
1226 1215 1255 1255 ee
1267 1210 1353 1255 autem
1366 1202 1486 1255 ιιιιιιιιι
1502 1201 1591 1272 jarem
1605 1219 1621 1256 a
1630 1202 1733 1272 justitia
1746 1221 1804 1271 rua,
1819 1212 1845 1259 et

214 1305 406 1374 indulgentiam
420 1319 473 1359 non
487 1301 616 1373 sperarit.
636 1297 754 1368 Denique
767 1294 806 1350 sic
819 1293 853 1348 de
864 1292 910 1347 illo
920 1306 1003 1346 eran·
1053 1292 1143 1363 jeaen‘t
1155 1292 1328 1363 iniquitatem,
1347 1292 1488 1346 sectandam
1511 1308 1600 1348 amnes
1618 1293 1766 1363 iniquitates
1780 1312 1845 1367 quar

215 1397 310 1468 gelista
321 1394 457 1464 loquitur:
474 1390 641 1447 Tanamdcns
651 1386 746 1455 ludas,
757 1385 801 1457 qai
812 1399 870 1439 eam
884 1382 1002 1448 tradidit,
1054 1382 1115 1453 jecit
1136 1380 1180 1435 ille
1202 1381 1325 1453 iniquae·
1339 1397 1428 1437 amnes
1438 1381 1550 1451 justitia
1564 1382 1619 1452 ejas
1642 1400 1706 1455 puae
1720 1386 1781 1455 jecit
1791 1399 1840 1443 ner

215 1486 275 1560 qaia
289 1486 428 1540 damnatur
441 1491 516 1548 essct,
531 1478 682 1551 poerritcntia
696 1478 797 1541 ductus,
813 1473 902 1529 retulit
916 1472 1005 1543 tripin·
1053 1479 1128 1524 erunt
1152 1472 1180 1525 irs
1202 1472 1341 1536 mensatim·
1367 1471 1396 1526 in
1417 1471 1510 1526 delicta
1524 1488 1571 1527 aaa
1583 1490 1633 1545 pra
1650 1473 1766 1546 deliquit,
1781 1487 1806 1530 et
1817 1478 1845 1530 in

217 1587 243 1631 ta
253 1585 388 1648 arpenteaa
399 1571 558 1646 principibus
572 1571 751 1634 sacerdotum,
766 1574 791 1621 et
802 1564 948 1620 senioribus
960 1564 1003 1616 di·
1053 1562 1166 1631 peccam
1177 1561 1331 1632 miserabar
1346 1565 1469 1633 peccarit,
1479 1565 1507 1619 in
1518 1566 1582 1636 ipris
1601 1567 1724 1621 araretur
1736 1565 1844 1639 (Erech.

216 1683 293 1723 cent:
309 1666 418 1721 Peccari
433 1664 537 1718 tradem
547 1662 699 1733 rdnpuinem
705 1660 815 1731 juetam.
835 1656 920 1710 Atilii
934 1655 1005 1709 diae·
1054 1667 1129 1718 xrttt,
1150 1650 1195 1720 at,
1208 1652 1243 1707 112
1256 1661 1281 1708 ιι
1295 1654 1373 1728 rep).
1387 1653 1422 1708 Et
1432 1654 1501 1710 inira
1521 1656 1604 1712 dicit:
1621 1654 1655 1711 ln
1668 1673 1699 1712 eo
1713 1675 1771 1713 cum
1784 1676 1847 1715 can·

216 1768 291 1814 rent:
305 1757 374 1823 Quid
386 1757 421 1812 ad
435 1757 505 1812 nas?
525 1766 552 1809 tu
565 1755 668 1809 uideris.
689 1751 724 1806 Et
738 1750 860 1823 projectis
874 1746 1004 1818 arpenteis
1055 1753 1135 1800 uertet
1148 1746 1268 1817 sejestm
1280 1762 1355 1801 nsua
1362 1747 1475 1818 justitia,
1488 1755 1516 1802 ιιι
1531 1749 1611 1819 jaciat
1620 1749 1750 1817 delictum,
1761 1751 1788 1805 in
1799 1766 1846 1806 aaa

216 1850 242 1903 in
258 1848 371 1919 tempto,
387 1848 511 1914 secessit,
535 1852 560 1900 ιι
578 1842 687 1906 adiens,
710 1841 801 1911 laqueo
823 1854 851 1892 ee
873 1833 1151 1907 impenditpdeten
1165 1835 1233 1908 parad
1247 1839 1318 1909 jecit,
1346 1837 1374 1891 in
1395 1837 1451 1908 ipsa
1472 1840 1604 1894 morietur.
1629 1837 1665 1892 Et
1686 1841 1714 1894 in
1735 1857 1765 1896 ea
1778 1841 1847 1913 quad

218 1939 326 2013 (barra.
341 1955 425 2007 xrvn,
441 1937 469 2007 3,
484 1937 511 2004 1,
529 1936 569 2008 tt).
590 1935 675 2004 Digne
688 1933 797 2002 quidem
820 1927 1006 2001 paenitentiam
1058 1926 1299 1999 acertaterininanr
1312 1928 1345 1980 ab
1360 1928 1494 1999 iniquitate
1503 1945 1634 2000 mapsam
1646 1930 1717 2001 jecit,
1728 1939 1756 1984 at
1765 1933 1848 2003 [aciat

218 2031 309 2099 gessit,
325 2030 388 2099 quia
403 2029 526 2099 peccarit
539 2027 648 2082 tradens
662 2024 817 2093 sangninem
830 2022 943 2091 justum,
958 2018 1005 2075 sed
1053 2014 1181 2085 judicium
1195 2023 1220 2069 et
1230 2017 1371 2086 justitiam,
1383 2018 1425 2071 bia
1439 2019 1554 2072 animam
1568 2034 1643 2073 ruant
1662 2021 1808 2085 custodivit,
1821 2033 1849 2076 et

219 2120 280 2175 ideo
292 2121 343 2175 sibi
359 2121 472 2174 fructum
487 2117 652 2189 pmnitentim
666 2114 817 2183 denegavit,
830 2113 894 2182 quia
908 2126 1007 2182 pecca·
1057 2099 1359 2159 monitumnonitum
1373 2107 1549 2179 iniquitatibus
1560 2108 1614 2162 rats
1633 2125 1696 2179 quar
1710 2112 1780 2181 jecit,
1796 2113 1848 2165 rita

219 2216 275 2263 tum
288 2208 438 2263 traditionis
451 2223 505 2263 sue
526 2208 585 2277 ipso
598 2220 678 2275 quem
694 2204 840 2259 tradiderat
853 2201 1008 2256 diluendum
1058 2191 1130 2255 ttici,
1146 2201 1171 2246 et
1184 2208 1236 2247 ‘¹⁰²²
1249 2195 1373 2249 Μοιῐθΐιι
1388 2194 1482 2266 (trid,
1501 2194 1558 2267 di).
1584 2195 1701 2267 Uimque
1715 2201 1848 2255 sententia

220 2298 348 2365 „nguine
361 2313 414 2353 „00
424 2296 551 2368 spemn,
1058 2295 1122 2336 uera
1133 2289 1184 2346 est,
1199 2283 1262 2351 quia
1272 2291 1387 2353 utraque
1410 2284 1501 2339 divina
1515 2293 1567 2353 est,
1592 2286 1648 2342 sive
1659 2287 1772 2359 Justnm,
1788 2305 1849 2346 cum

255 2388 322 2443 Car.
338 2404 373 2443 m.
390 2387 455 2459 Sper
470 2388 527 2442 cirre
539 2384 690 2458 penitentia
701 2400 768 2439 rana
782 2391 821 2436 eet
830 2381 1006 2452 praesumtio.
1059 2385 1169 2427 aversus
1182 2369 1261 2427 luerit
1275 2372 1402 2441 ajustitia
1416 2387 1473 2440 sua,
1482 2389 1577 2430 omues
1582 2375 1700 2444 justitias
1709 2375 1767 2445 ejus
1778 2379 1849 2434 obli-

221 2511 256 2522 -
268 2478 295 2533 8,
316 2478 526 2547 Pteronquosnb
540 2491 608 2532 vana
622 2490 670 2546 spe
684 2471 897 2540 indulgentiam
913 2485 1010 2541 peom-
1058 2459 1133 2514 rtont
1147 2459 1308 2526 tradendas;
1326 2461 1384 2517 sire
1406 2462 1537 2532 iniquum,
1563 2480 1624 2520 cum
1649 2466 1683 2521 ab
1708 2468 1850 2538 iniquitate

222 2566 256 2621 tis
268 2565 392 2620 diabolus
404 2572 487 2630 tanet,
499 2571 527 2620 et
538 2562 676 2634 compellit
688 2577 737 2618 eos
750 2560 797 2616 bet
809 2560 941 2629 justitiam
955 2573 1011 2614 nun
1059 2549 1142 2605 sutrii
1155 2565 1302 2606 willerius
1323 2551 1356 2606 ’ἃ
1377 2551 1519 2622 llissfifiilm.
1535 2556 1622 2624 ipsum
1637 2555 1807 2628 salvandum,
1822 2568 1850 2617 et

208 2663 356 2720 metuere,
376 2669 445 2724 quos
459 2653 577 2709 inaniter
594 2650 689 2707 suadet
702 2649 736 2705 de
751 2648 798 2703 llei
812 2649 932 2703 bonitate
944 2659 1011 2716 gau·
1060 2655 1154 2696 umaes
1164 2641 1319 2710 iniquitates
1332 2642 1390 2711 ejus
1400 2642 1427 2696 in
1441 2645 1568 2699 memoria
1583 2659 1636 2700 rrorr
1648 2643 1760 2702 futuras.

223 2745 296 2801 uere.
316 2743 395 2800 tates
408 2743 522 2811 dieunt,
545 2740 692 2799 meandum
707 2736 829 2810 Apostoli
844 2735 1011 2808 objurgatio-
1098 2731 1456 2802 tt.1ntquumvsroesr‚st
1476 2744 1599 2806 putemus
1610 2737 1712 2806 iustum
1727 2740 1851 2809 aurodo-

223 2851 303 2891 nem:
318 2833 459 2890 daciarum
471 2833 552 2899 mata,
566 2841 595 2886 ιιι
605 2832 708 2887 ueniant
717 2830 805 2895 tana3
819 2844 928 2901 quarum
938 2828 1012 2881 darn·
1060 2835 1114 2892 que
1128 2835 1252 2877 aversum
1265 2837 1346 2893 posse
1356 2823 1493 2889 damnari;
1509 2831 1537 2878 el
1550 2832 1675 2894 putemus
1688 2835 1703 2865 ⁸
1729 2827 1850 2897 iniquum

223 2929 294 2983 satia
305 2926 378 2999 jueta
392 2936 431 2984 est
445 2924 532 2997 (Ram.
545 2939 584 2993 ιιι,
598 2922 637 2995 8).
1061 2911 1222 2983 quaudoque
1236 2927 1399 2968 conversum
1411 2928 1465 2968 non
1488 2928 1568 2984 posse
1580 2915 1690 2971 salvar-i.
1705 2915 1797 2974 iustus
1810 2926 1852 2975 est

258 3015 285 3071 9.
305 3016 353 3072 111ι
366 3015 471 3071 iudiciis
488 3014 627 3072 evidenter
640 3011 811 3084 agnoscimus
829 3009 946 3066 inaniter
960 3008 1010 3063 bo·
1061 3002 1133 3060 Dens
1146 3012 1174 3060 et
1193 3003 1358 3060 misericors
1378 3002 1456 3060 Sicut
1477 3017 1543 3074 ergo
1556 3012 1646 3076 potest
1659 3021 1708 3077 per
1717 3006 1851 3077 justitiam

225 3111 326 3165 minem
339 3108 481 3178 paenitere,
501 3108 529 3164 si
538 3107 601 3163 dmu
614 3105 774 3177 poenitentia
787 3105 909 3174 geritur,
924 3100 1012 3157 indul·
1062 3096 1191 3153 damnare
1203 3111 1337 3164 aversum,
1352 3096 1393 3153 sic
1401 3104 1491 3168 potest
1504 3112 1552 3168 per
1566 3098 1775 3155 misericordiam
1784 3114 1852 3156 sem-

200 3259 205 3268 ,
225 3199 314 3270 gentia
327 3198 503 3269 desperatur,
529 3206 558 3253 et
570 3198 668 3253 frustra
693 3195 885 3266 indulgentiam
909 3193 1012 3264 sperari
1024 3211 1048 3273 ρ
1062 3210 1112 3266 per
1125 3195 1230 3250 salvare
1253 3208 1423 3250 conversum.
1447 3192 1524 3248 Nulla
1547 3193 1687 3265 proliritas
1713 3182 1852 3267 temporis,

225 3293 283 3349 sine
294 3298 465 3362 peccatorum
480 3289 637 3361 poenitentia
648 3306 657 3356 3
668 3303 702 3344 ac
711 3303 760 3359 per
771 3288 832 3353 buc,
844 3301 895 3342 uec
904 3284 955 3342 sub
964 3299 1012 3355 spe
1061 3285 1355 3356 inemundatum,
1371 3283 1414 3339 rel
1428 3283 1522 3354 pietati
1536 3281 1700 3353 prejudicat.
1716 3282 1853 3342 Poeuiten·

214 3383 390 3438 remissionis
402 3381 483 3439 debet
491 3381 587 3451 aliquis
598 3396 711 3453 peccare
721 3395 842 3445 securus,
856 3393 907 3435 nec
917 3392 1013 3450 pecca·
1061 3379 1098 3434 tia
1109 3391 1249 3446 antiquam
1262 3383 1305 3430 est
1318 3374 1389 3446 apud
1404 3374 1488 3429 11ιιιιι
1502 3387 1571 3440 sera,
1581 3373 1607 3428 in
1618 3372 1695 3443 cujus
1707 3384 1853 3446 conspeetu

226 3481 313 3529 tarum
327 3489 437 3531 suarum
450 3475 625 3532 corrsiderans
638 3474 854 3539 multitudinem,
869 3484 1012 3528 remanere
1061 3484 1169 3542 semper
1192 3483 1242 3541 pro
1268 3466 1445 3538 presentibus
1471 3465 1604 3521 babentur
1628 3474 1684 3520 tam
1716 3467 1854 3537 praeterita

225 3571 320 3618 catena
334 3561 530 3634 desperationis
550 3565 704 3622 obstrictus.
729 3561 858 3620 Hortatur
876 3562 948 3618 enim
962 3578 1013 3619 nos
1061 3575 1142 3632 qnam
1156 3558 1255 3616 lutura.
1268 3557 1297 3615 st
1312 3557 1476 3614 diuturnitas
1490 3564 1661 3628 peecatorum
1675 3557 1722 3613 liel
1733 3557 1854 3615 uinceret

225 3650 362 3723 Scriptura
375 3660 479 3724 sancta,
494 3664 525 3710 ut
538 3669 651 3725 peccare
661 3652 718 3724 jam
727 3651 889 3716 desinamus,
905 3666 955 3707 nec
965 3654 1014 3707 dc·
1061 3652 1285 3720 misericordiam,
1298 3666 1353 3707 uun
1366 3651 1394 3705 ln
1408 3656 1489 3705 aetate
1503 3648 1595 3704 mundi
1608 3650 1756 3705 norissima
1771 3648 1852 3707 cbri-

225 3755 364 3812 speremus
374 3742 451 3797 nabis
460 3741 620 3797 remittenda
634 3755 694 3811 quae
710 3738 841 3805 fecimus3
856 3738 922 3795 dicit
935 3739 1013 3810 quip·
1061 3752 1120 3802 stus
1132 3744 1247 3809 renuet,
1261 3751 1292 3798 ut
1306 3749 1416 3812 peccata
1429 3739 1518 3796 mundi
1529 3740 1667 3810 pereuntis
1680 3740 1806 3806 auferret,
1818 3739 1854 3798 de

226 3846 278 3903 pe:
294 3829 362 3898 Fili,
376 3833 509 3900 ademtis·
524 3849 557 3887 Μ
571 3832 682 3903 Μιῑθῑω
695 3833 798 3896 limiti,
811 3831 858 3885 ⁸⁶⁶!
868 3840 893 3884 ⁶⁸
902 3830 934 3884 de
944 3846 1013 3902 ιιι·
1062 3851 1116 3907 qno
1127 3835 1193 3891 dicit
1203 3833 1339 3891 loannes:
1353 3831 1517 3903 liccedpuse
1527 3830 1586 3896 net,
1600 3847 1658 3886 eece
1668 3831 1712 3903 qui
1721 3832 1789 3887 toltit
1798 3848 1855 3903 pee-

226 3925 308 3979 teritir
327 3924 483 3994 deprecare,
501 3933 529 3977 ut
540 3924 585 3978 tibi
604 3924 767 3978 dimittantur
782 3920 876 3993 (Ereti.
890 3937 956 3986 xxi,
973 3922 1011 3991 1).
1062 3936 1149 3980 camna
1172 3925 1262 3980 mendi
1286 3923 1376 3996 (ioan.
1393 3939 1413 3991 ι,
1428 3921 1485 4001 id),
1511 3929 1539 3977 et
1553 3921 1610 3992 ipse
1623 3920 1747 3976 Salvator
1758 3920 1792 3977 de
1803 3935 1854 4001 se:

227 4010 376 4082 Utrumque
396 4020 488 4070 sancta
502 4011 641 4083 Scriptura
656 4012 834 4082 praemonuit,
852 4022 882 4068 et
894 4014 1014 4068 ostendit
1067 4013 1145 4069 Venit
1154 4015 1223 4069 enim
1233 4011 1317 4068 Filiae
1327 4011 1440 4068 bominis
1450 4026 1564 4077 aserere
1576 4020 1602 4065 et
1613 4010 1714 4066 mirare
1726 4011 1795 4079 quod
1804 4027 1855 4084 pa·

226 4098 299 4168 quad
319 4114 369 4155 nec
382 4099 409 4154 in
423 4107 536 4170 peccato
558 4100 703 4156 debeamus
723 4115 883 4169 remanere,
906 4115 957 4157 nec
979 4100 1013 4158 de
1063 4101 1360 4175 ιιιιιι(1,ιιι.ιιι,10)

227 4188 384 4246 remissione
396 4188 538 4258 cujuslibet
547 4188 694 4258 iniquitatis
707 4189 852 4257 ambigere.
872 4187 927 4243 Cur
940 4189 1012 4245 euim
1099 4193 1164 4250 Car.
1178 4210 1234 4250 rm.
1255 4193 1411 4266 Exemplum
1420 4191 1607 4248 ιιιὶιιιίιιιιιίιι
1619 4189 1678 4257 liei,
1686 4207 1720 4246 ιι
1729 4190 1859 4264 parabata

227 4279 336 4350 jubetur
355 4293 390 4335 ne
415 4278 571 4349 adjiciamus
593 4288 704 4350 peccata
727 4278 867 4350 peccatis,
893 4279 916 4334 si
931 4288 973 4339 est
986 4280 1012 4336 m
1065 4285 1275 4342 desonadtano
1288 4293 1314 4341 et
1331 4282 1581 4341 inimare-ib.
1601 4281 1860 4341 Samaritanusnos·

227 4377 340 4441 peccato
350 4369 532 4427 manendum?
546 4379 592 4426 aut
605 4369 770 4440 cuijubetur
784 4378 813 4426 ut
825 4370 860 4427 de
870 4371 1014 4442 praeteritis
1065 4383 1107 4432 ter
1116 4390 1252 4446 uunquam
1262 4375 1433 4430 vulneratum
1444 4373 1479 4429 ad
1491 4372 1627 4430 embolum
1643 4370 1860 4429 misericorditer

229 4459 405 4533 deprecemur
417 4469 447 4518 ut
459 4462 537 4518 nobis
548 4462 726 4528 dimittantur,
741 4461 839 4518 sinuat
851 4463 941 4533 aliqua
954 4477 1014 4539 que
1065 4463 1220 4535 impositum
1232 4462 1354 4532 jumento
1368 4461 1538 4533 perduceret,
1552 4461 1575 4516 si
1588 4460 1697 4532 aliquod
1705 4460 1731 4516 iu
1746 4474 1781 4516 ea
1794 4459 1860 4516 rul-

120 4600 123 4605 ι
227 4550 435 4623 deprecantibus
450 4550 546 4607 dimitti
561 4551 713 4607 nuliatenus
727 4553 861 4622 possuntt
878 4552 920 4608 An
933 4550 1014 4609 lorsi·
1030 4569 1120 4633 nnus
1142 4552 1290 4609 insanabile
1300 4551 1443 4622 judicaret.
1464 4551 1605 4622 Nunquam
1619 4551 1723 4607 dnobus
1736 4550 1862 4608 demriis

229 4650 274 4696 tao
285 4648 436 4713 temporum
457 4640 582 4712 cuiquam
601 4647 690 4711 potest
703 4640 878 4710 praejudicare
889 4641 1016 4714 longaevi-
1066 4642 1362 4709 datis,redditummoe
1373 4640 1504 4713 quidquid
1515 4649 1722 4712 supererogaret
1733 4641 1862 4698 subula-

229 4742 280 4800 tas,
304 4738 334 4787 ut
347 4726 417 4787 sicut
427 4738 536 4800 peracto
549 4729 688 4785 tricennali
702 4730 801 4800 spatio,
816 4730 906 4787 nulius
919 4731 1017 4789 sinitur
1065 4735 1108 4792 rio
1122 4733 1311 4808 spopondisset
1330 4731 1406 4808 (lec.
1420 4749 1448 4801 x,
1461 4731 1498 4789 db
1511 4742 1537 4789 ιι
1548 4732 1627 4805 rep),
1642 4733 1665 4788 si
1678 4746 1863 4804 supereroga-

229 4821 331 4893 iegibus
341 4820 463 4877 bumanis
476 4820 565 4876 ablata
578 4830 719 4891 repetere,
733 4820 774 4877 sic
785 4820 889 4890 legibus
907 4822 1015 4888 divinis,
1067 4827 1168 4884 tionem
1181 4826 1254 4883 illam
1268 4841 1322 4882 non
1336 4825 1422 4897 plenas
1440 4824 1547 4880 sanitati
1562 4830 1742 4894 praenosceret
1762 4822 1863 4894 proin·

229 4920 291 4985 past
303 4911 382 4982 longa
396 4911 525 4983 peccandi
538 4912 639 4983 spatia,
662 4927 716 4967 non
727 4911 809 4967 liceat
821 4912 1014 4983 indulgentiam
1066 4923 1164 4972 turam.
1181 4915 1216 4972 Ut
1228 4915 1292 4986 quid
1300 4914 1543 4972 enimstabnlarius
1556 4912 1656 4984 aliquid
1669 4923 1862 4986 supererogat,

229 5003 385 5074 postularet
405 5002 482 5058 bbsit
503 5010 534 5057 ut
552 5001 605 5058 boc
618 5001 653 5058 sit
674 5000 701 5056 in
715 5000 772 5057 lieo
785 5010 879 5058 nostro
900 5002 972 5073 quad
987 5002 1015 5057 iu
1066 5007 1089 5062 si
1101 5015 1143 5062 est
1156 5006 1183 5060 in
1193 5006 1285 5063 mucia
1298 5005 1396 5061 vulnus
1406 5004 1480 5075 quod
1492 5003 1581 5060 curari
1596 5018 1650 5059 non
1665 5002 1771 5058 valcatt
1781 5000 1866 5059 Sicut

229 5095 320 5151 litibus
335 5094 416 5150 babet
429 5094 545 5150 bumana
559 5093 687 5150 conditio.
708 5091 779 5148 Deus
790 5093 863 5148 enim
876 5100 969 5148 noster
978 5093 1017 5149 sic
1069 5111 1134 5166 ergo
1142 5095 1249 5152 medico
1259 5102 1352 5152 nadre
1365 5094 1438 5153 nulla
1447 5102 1490 5151 est
1498 5090 1653 5149 incurabilis
1662 5091 1749 5163 plaga,
1759 5091 1796 5146 ita
1807 5107 1867 5148 nec

231 5195 270 5241 est
282 5184 435 5240 misericors
445 5192 473 5239 et
486 5183 581 5253 bonus,
593 5181 791 5242 sicutinllnitus
801 5189 842 5239 est
853 5182 1014 5239 etinrictus·
1070 5188 1097 5244 in
1120 5186 1211 5257 aliquo
1234 5186 1356 5256 uulnere,
1382 5201 1434 5242 nce
1446 5185 1574 5255 inaliqsm
1587 5192 1720 5254 tempore,
1742 5180 1869 5239 ιιιΙιιιίιι

216 5272 346 5349 ‘Proinde
358 5272 465 5328 bonitas
478 5272 569 5329 inuicti
582 5288 636 5329 uon
649 5272 773 5340 vincitur,
786 5280 814 5329 ct
826 5272 922 5328 intiniti
934 5272 1016 5328 mise·
1071 5287 1161 5351 potest
1173 5278 1290 5335 (teneare
1304 5277 1448 5335 medicina.
1462 5276 1527 5333 ideo
1544 5275 1603 5346 ipse
1615 5273 1737 5331 medicus
1748 5282 1867 5341 seutper

232 5365 345 5421 ricordia
360 5381 413 5422 nan
424 5363 524 5421 luitur·
1071 5385 1103 5431 se
1112 5385 1192 5441 posse
1206 5383 1338 5431 oanserso
1357 5368 1472 5426 salutm
1491 5368 1594 5424 donare
1609 5361 1869 5432 ermemmarus:

268 5458 345 5528 193
357 5454 422 5514 Car.
437 5473 481 5513 ru.
502 5454 586 5512 Omne
599 5467 696 5529 tempus
709 5460 844 5530 praeuntis
865 5459 925 5515 rite
948 5475 1012 5514 can·
1070 5458 1135 5514 Cum
1145 5476 1282 5515 ιοιιιιιιιιι
1296 5459 1386 5532 jaerie,
1400 5456 1605 5528 dispertireris,
1625 5453 1711 5509 satura
1722 5452 1774 5507 erit
1789 5449 1867 5522 (leat.

234 5550 341 5603 reraioai
362 5559 450 5619 aptum
466 5557 515 5604 est.
524 5542 559 5591 ’-
570 5547 613 5602 10.
634 5548 754 5619 Denique
774 5566 854 5607 omsre
868 5551 930 5606 uitae
945 5564 1016 5625 prac-
1070 5565 1135 5618 m,
1147 5546 1203 5621 15).
1217 5546 1333 5619 Propter
1346 5544 1419 5616 quad
1432 5543 1560 5600 duritiam
1573 5539 1750 5614 quommdam
1763 5539 1804 5597 sie
1814 5552 1871 5610 per

269 5759 280 5784 ¹
296 5734 361 5801 Hand
370 5747 451 5802 verba
461 5750 560 5818 jartam
569 5748 720 5821 quandoque
733 5755 851 5801 armena
861 5760 936 5816 pares
945 5747 1020 5800 dare·
1075 5762 1108 5804 ιιι
1120 5763 1172 5806 mr.
1187 5747 1270 5804 Corb.
1286 5745 1418 5805 secmariis
1431 5749 1560 5801 contexta
1577 5741 1629 5799 boc
1641 5739 1774 5809 erigente.

234 5818 312 5873 irari:
328 5824 352 5871 et
363 5825 489 5887 putenam,
505 5819 616 5875 aberam
630 5818 663 5873 ab
677 5817 783 5874 excusis
788 5834 797 5889 3
813 5817 936 5872 restituta
959 5823 1022 5871 sunt
