4152 6344
784 434 951 492 tradabit
971 435 1016 492 nb
1035 435 1064 490 S.
1086 432 1268 495 abeddarat
1286 438 1410 497 uasat.

545 549 658 612 sanae
677 549 779 607 Llli'il.

384 647 421 704 De
434 644 595 702 solemnitate
607 651 755 698 martorum
766 642 950 713 apostolorum.

308 742 429 824 Delectat
439 768 573 817 tantorum
590 765 706 813 tractare
720 755 880 826 margaritas
895 763 1058 817 sanctorum,

272 838 390 894 deiectat
406 845 525 903 gemmas
547 829 646 884 intueri
666 826 783 882 dulcium
807 825 980 895 piscatorum.
1004 824 1060 881 Nee

274 905 370 963 modus
383 903 410 959 in
422 900 524 964 colore,
538 912 588 954 nee
610 911 737 952 uumerus
759 897 786 951 in
801 895 911 963 virtute,
931 894 1061 965 splendor

274 976 364 1031 varius
384 981 412 1029 et
440 970 560 1026 diuersus
582 974 702 1022 ornatus.
724 963 780 1021 llos
802 964 903 1047 lapides
926 965 948 1021 sl
973 978 1061 1021 eacus

273 1043 387 1116 aspexit,
403 1040 567 1097 illuminatus
577 1034 688 1095 effulsit:
703 1036 725 1091 si
738 1033 1060 1104 gestavrtsurdus,verbo

276 1113 380 1170 Domini
395 1112 482 1167 claros
496 1106 615 1179 percepit
628 1104 742 1160 auditus.
758 1103 788 1159 Si
801 1105 906 1175 aspexit
919 1104 968 1159 bos
990 1103 1059 1173 lapi-

273 1185 323 1241 des
335 1181 449 1240 claudus
470 1179 588 1248 inportu
610 1175 730 1245 speciosa
749 1174 816 1243 (Act.
841 1189 879 1237 ιιι,
899 1172 937 1243 ι),
953 1188 1059 1228 cursum

275 1253 389 1324 recepit,
409 1257 438 1307 ιι
451 1248 578 1319 tempium
593 1244 699 1301 sortiter
712 1244 830 1299 intravit.
845 1242 933 1298 Testis
951 1250 993 1298 est
1009 1243 1061 1298 Pe·

206 1318 211 1328 ⁸
275 1316 331 1381 irus
354 1321 388 1377 ad
414 1319 536 1374 Tabitam
558 1318 625 1384 (Act.
647 1329 684 1377 rx,
699 1312 755 1383 to),
775 1312 861 1382 qualis
879 1313 915 1368 sit
936 1311 1062 1381 splendor

276 1395 370 1449 barram
390 1389 609 1457 margaritarum,
623 1384 730 1453 quaudo
746 1392 835 1439 tantus
848 1382 991 1438 exsultarit
1009 1397 1060 1436 nu·

276 1477 366 1520 merus
378 1458 529 1514 viduarum.
546 1455 616 1524 Ergo
629 1461 657 1508 et
681 1468 730 1508 nos
743 1452 840 1522 singuli
861 1452 980 1520 singulos
993 1467 1060 1507 con-

276 1531 445 1603 templemur.
471 1526 536 1593 Quis
549 1525 651 1593 eligens
669 1522 777 1578 Petrum
796 1531 905 1592 respuat
927 1521 1061 1577 Paulum?

276 1603 341 1670 Quis
374 1613 476 1655 uaerens
487 1595 620 1651 Αιιιιιιιιιι
634 1588 927 1648 contemnatlaeobum
937 1600 964 1647 et
976 1590 1059 1647 loan-

276 1615 443 1727 ncmi‘ilulla
461 1674 503 1721 est
524 1663 665 1719 diversitas
687 1662 835 1725 nominum,
859 1662 921 1731 quia
945 1677 997 1715 ιιιιιι
1020 1670 1062 1716 cst

276 1754 376 1798 corona
393 1749 568 1806 gemmarum,
583 1747 652 1787 unus
673 1730 769 1786 notulis
787 1730 988 1801 Apostolorum,
1010 1746 1060 1785 unu

277 1819 318 1866 est
336 1809 428 1866 latitia
446 1804 616 1877 populorum.
640 1800 782 1856 Remorum
799 1810 933 1855 esromae
954 1800 1062 1856 naulra·

277 1882 360 1951 giam,
375 1878 455 1932 timor
469 1872 620 1930 excluditur
632 1871 777 1941 piratarum
790 1887 797 1923 ι
810 1869 873 1938 quia
888 1870 975 1924 barem
996 1869 1062 1925 'sub-

277 1951 388 2005 veniunt
405 1946 521 2002 dulcium
536 1943 709 2012 piscatorum.
725 1938 793 1994 Tuto
818 1947 881 1995 suut
900 1939 989 1994 littora
1014 1955 1061 2010 per
1080 1929 1099 1986 B

277 2018 425 2090 apostolico
448 2014 525 2071 retia
545 2010 639 2067 Petrus
653 2010 679 2064 in
700 2009 788 2079 capite
810 2009 915 2080 scopha
933 2009 1061 2074 caelestis,

278 2085 461 2158 triumphalia
474 2084 581 2138 littore:
591 2080 614 2136 si
628 2079 761 2134 duamani
775 2078 978 2149 contempseris,
994 2095 1063 2134 uirus

278 2168 320 2215 est
333 2167 435 2218 uterus,
450 2168 518 2208 unus
536 2166 608 2216 usus,
631 2164 701 2204 uuus
724 2149 853 2203 innocens
878 2155 982 2218 eaptus.
1011 2147 1063 2203 Per

278 2229 365 2311 pisces
379 2225 539 2296 piscatorum
559 2226 703 2291 paupertas
724 2218 876 2281 tollebatur,
898 2231 947 2289 per
960 2218 1063 2273 animas

1073 555 1096 611 Α

179 2290 182 2295 ⁴
279 2317 306 2354 ιιι
327 2305 438 2366 captura
452 2291 592 2349 conclusas
612 2289 697 2360 gratia
719 2287 926 2349 demonstratur,
942 2296 969 2343 et
987 2289 1062 2357 regni

174 2394 182 2408 ·
278 2367 408 2425 caelorum
425 2363 524 2419 divitiae
547 2359 725 2430 publicantur.
746 2356 884 2427 luscapha
909 2355 980 2412 Petri
1003 2359 1063 2426 ouis

278 2442 403 2493 numerat
425 2431 529 2515 pisces?
547 2430 607 2499 uuis
629 2429 657 2484 in
679 2425 824 2496 Evangelio
841 2426 917 2482 Pauli
940 2435 1064 2483 numerat

278 2505 389 2577 gentes?
405 2505 512 2558 Diversa
523 2499 642 2563 nomina,
658 2506 685 2552 et
698 2512 749 2552 una
763 2505 882 2568 captura.
901 2495 969 2553 Ecce
982 2495 1063 2553 laco·

279 2580 328 2633 bus
349 2583 377 2631 et
394 2572 518 2629 loannes
538 2569 661 2637 neglecto
681 2574 780 2637 patre,
792 2574 944 2636 contempta
968 2575 1063 2630 matre,

279 2645 390 2701 dimisso
414 2642 474 2705 reti,
487 2639 572 2696 secuti
591 2644 654 2694 sunt
677 2637 823 2708 piissimum
844 2635 1062 2708 Redempturem.

274 2716 338 2771 fiat
352 2716 442 2783 itaque
464 2712 492 2766 in
512 2707 682 2765 solemnitate
705 2705 863 2761 ὃιιιιιοιιιιιι
888 2716 941 2760 tam
964 2706 1065 2774 grande

279 2783 441 2841 conuiuium.
457 2779 527 2835 Ccce
550 2777 690 2831 llatthaus
714 2784 845 2846 preparat
865 2775 1016 2846 prandium,
1038 2786 1066 2832 et

280 2854 402 2911 Christus
414 2863 528 2922 pransor
545 2844 695 2916 ingreditur
705 2860 765 2900 cum
779 2845 950 2905 multitudiue
970 2861 1064 2916 pecca·

280 2935 378 2979 torum.
395 2919 510 2976 Pransor
524 2918 662 2980 innocens,
676 2924 704 2970 et
720 2915 759 2970 rei
771 2915 906 2982 convivae,
920 2916 989 2971 unde
1000 2931 1067 2971 cou-

281 2994 342 3047 viuii
356 2991 397 3046 sui
416 2990 711 3056 societatepeccatores
731 2983 830 3041 laceret
850 2984 877 3039 in
899 3000 949 3040 suo
974 3000 1065 3042 saera·

281 3059 509 3129 memogauderc.
529 3054 613 3109 lurlaei
630 3054 765 3115 dicebant,
782 3051 916 3117 Quomodo
936 3071 994 3109 cam

1112 549 1283 609 fundamenta
1294 555 1412 611 caroens
1426 562 1505 611 nocte
1515 562 1661 622 commota,
1673 566 1781 614 reorum
1793 560 1902 619 vfncula

1110 621 1211 685 soluta,
1220 625 1322 695 optioni
1333 624 1433 680 donata
1445 626 1541 694 gratia,
1555 634 1583 680 et
1592 627 1713 696 Apostoli
1729 630 1839 697 probata
1850 647 1900 688 eo-

1112 705 1189 746 rooa.
1202 690 1289 749 Pedes
1299 693 1356 763 ey'us
1366 704 1443 749 erant
1462 695 1488 750 in
1510 711 1605 763 nervo,
1624 706 1652 751 et
1673 711 1780 765 gressus
1798 702 1857 769 ejus
1872 704 1901 757 in

1109 759 1191 815 coelo.
1207 759 1317 818 Dicebat
1339 779 1389 834 per
1404 765 1521 820 carceris
1544 766 1671 821 tenebras
1693 770 1827 823 canticum
1850 787 1901 826 no-

1110 845 1192 884 uum:
1210 839 1239 886 nt
1250 832 1344 887 ultimo
1360 847 1444 890 rreruo
1463 834 1625 890 chordarum
1641 836 1770 892 tredecim
1790 838 1902 894 cithara

1109 900 1243 956 lectorum
1255 910 1348 957 cantet
1359 904 1437 959 robis
1450 903 1569 960 laetitiam
1589 908 1780 976 sempiternam
1795 921 1905 979 aposto-

1111 968 1161 1025 liea
1174 985 1277 1026 corona
1291 981 1457 1029 sanctorum.
1590 998 1594 1003 ·

1331 1156 1337 1167 .
1366 1068 1492 1165 'suano
1512 1107 1624 1165 ιιιιιι.

1395 1198 1613 1271 Demartyribur.

1146 1311 1268 1368 Delectat
1280 1309 1375 1367 videre
1388 1326 1499 1381 campos
1512 1318 1633 1380 segetum
1651 1313 1740 1370 aureis
1762 1319 1906 1375 maturatis

1110 1382 1220 1437 catomis
1231 1381 1391 1446 aristarum;
1404 1380 1588 1436 delectabilius
1603 1380 1668 1437 libet
1676 1384 1817 1441 attendere
1829 1402 1904 1443 cnm·

1111 1466 1160 1520 pos
1182 1449 1316 1514 Ecclesia,
1337 1458 1483 1522 martyrum
1505 1451 1635 1507 micantes
1658 1452 1763 1522 plantas
1788 1454 1824 1511 de
1846 1473 1903 1512 uuo

1111 1535 1207 1576 cruore
1231 1536 1281 1591 per
1307 1521 1374 1588 agni
1394 1522 1550 1591 sanguinem
1576 1521 1757 1577 innocentem.
1790 1522 1904 1593 segetes

1111 1591 1210 1646 etenim
1223 1598 1285 1646 sunt
1295 1591 1434 1660 passiones
1452 1599 1599 1661 martyrum
1610 1591 1688 1661 juata
1710 1609 1801 1648 carrae
1819 1612 1904 1665 mua-

1111 1675 1169 1715 ram
1190 1659 1276 1728 (Paul.
1291 1674 1310 1724 ι,
1326 1660 1364 1728 ὅ),
1386 1658 1464 1728 rigati
1483 1658 1601 1715 loratibus
1626 1665 1811 1733 lacrymarum.
1833 1664 1904 1720 Nam

1111 1730 1150 1784 sie
1160 1728 1240 1785 morlo
1250 1730 1344 1785 beatam
1354 1727 1436 1784 Dauid
1449 1736 1595 1801 martyrum
1610 1741 1755 1802 purpurata
1767 1734 1901 1802 genuina,

1111 1807 1140 1854 et
1153 1807 1217 1855 ante
1229 1813 1363 1854 messores
1379 1797 1537 1867 gaudiorum
1559 1807 1685 1869 tanquam
1709 1817 1836 1872 manceps
1856 1819 1904 1860 se·

1112 1868 1200 1924 cantia
1227 1868 1356 1923 messoria
1376 1868 1480 1923 cirlvara
1506 1867 1675 1933 decantabat,
1692 1869 1741 1934 Qui
1762 1873 1903 1936 ιιιιιιιιιιιιι.

1114 1937 1209 2006 inquit,
1220 1939 1247 1993 in
1262 1939 1395 2008 iacrymis,
1410 1940 1437 1993 in
1450 1937 1545 2009 gaudio
1563 1949 1656 1993 nutent
1668 1940 1755 2010 (Paul.
1767 1958 1847 2010 cxxv,
1861 1944 1901 2015 5).

1116 2005 1165 2062 Ubi
1180 2009 1312 2064 seminant
1326 2009 1352 2062 in
1366 2008 1500 2079 lacrymis,
1517 2008 1567 2062 nisi
1575 2008 1652 2077 juxta
1663 2009 1787 2066 arborem
1801 2015 1901 2079 crucis,

1115 2077 1159 2133 ubi
1174 2086 1216 2132 cst
1231 2076 1290 2132 lons
1301 2078 1439 2146 prosimus
1452 2072 1617 2132 Salvatorisl
1631 2077 1695 2134 lnde
1704 2078 1738 2135 de
1748 2081 1833 2136 latere
1843 2082 1905 2151 ejus

1114 2148 1251 2215 sanguinis
1263 2155 1344 2217 guter
1357 2146 1506 2210 stillarunt,
1522 2155 1549 2201 et
1562 2147 1651 2218 pluvio
1675 2151 1778 2205 auaris
1787 2160 1815 2206 et
1825 2167 1905 2223 aquae

1114 2218 1245 2272 seminata
1259 2226 1300 2272 est
1316 2216 1456 2271 tolerantia
1472 2216 1664 2273 conlemorum.
1684 2218 1722 2273 De
1746 2219 1803 2290 ipso
1829 2219 1906 2292 ligno

1116 2287 1226 2343 virentis
1239 2286 1337 2351 crucis,
1348 2285 1425 2355 juria
1438 2283 1538 2341 iontem
1558 2288 1694 2357 sanguinis
1711 2288 1830 2359 plantata
1845 2292 1905 2347 vir·

1114 2356 1211 2479 yinitas
1226 2355 1316 2411 lioruit
1330 2355 1470 2411 castitatis.
1486 2355 1677 2426 ludeplantata
1689 2371 1836 2430 martyrum
1859 2369 1904 2415 to-

1125 2427 1227 2482 erantia
1238 2427 1321 2497 erepit
1333 2425 1443 2481 seminis
1455 2425 1496 2481 sui
1510 2427 1629 2494 genuino
1652 2428 1778 2495 colligere
1799 2444 1903 2501 purpu-

1115 2504 1183 2551 rata.
1205 2496 1271 2551 Nam
1286 2494 1358 2551 uude
1379 2503 1509 2568 martyres
1526 2495 1656 2561 tolerant,
1671 2497 1722 2554 nisi
1741 2514 1789 2569 per
1807 2498 1903 2557 Douri-

1116 2565 1205 2622 nicam
1219 2568 1345 2621 erucem?
1361 2563 1436 2621 Unde
1448 2572 1590 2636 martyres,
1605 2566 1756 2636 inquorum
1775 2568 1905 2626 cordibus

1116 2635 1160 2691 lex
1176 2636 1223 2691 Dei
1233 2643 1285 2701 est,
1299 2634 1501 2690 maledictiones
1512 2650 1564 2690 oon
1583 2635 1678 2690 timeat
1688 2637 1836 2705 bominum,
1852 2636 1905 2694 nisi

1116 2707 1178 2775 guia
1192 2700 1315 2761 Chiistus
1329 2704 1457 2760 Dominus
1470 2704 1580 2775 pertulit
1589 2706 1721 2774 patienter
1741 2707 1905 2778 improperia

1115 2775 1284 2831 ludmormu?
1300 2772 1375 2831 Unde
1388 2785 1519 2846 martyres
1532 2789 1670 2830 carcerum
1682 2780 1818 2833 custodias
1828 2777 1905 2833 dele·

1116 2849 1208 2902 etabat
1221 2846 1332 2911 intrare,
1348 2844 1396 2898 nisi
1412 2845 1476 2915 quia
1490 2843 1617 2899 Donnms
1630 2846 1725 2901 ductus
1735 2854 1775 2900 est
1786 2845 1819 2901 ad
1835 2862 1906 2916 pra-

1118 2918 1216 2970 torium
1227 2915 1353 2986 principis
1367 2914 1484 2986 Cuipba,
1499 2922 1527 2968 ct
1539 2922 1697 2969 noctnrnurn
1711 2916 1826 2971 crudetis
1836 2931 1907 2987 pra·

1117 2986 1180 3041 torii
1201 2999 1337 3041 carcerem
1359 2999 1413 3039 non
1434 2982 1592 3052 dedignatus
1614 2991 1655 3038 est
1674 2984 1830 3040 sustinere:
1856 2987 1907 3042 sed

1117 3055 1233 3119 dicebat,
1249 3053 1370 3109 Traditus
1380 3070 1446 3114 sam,
1458 3061 1482 3106 et
1494 3070 1546 3107 noo
1555 3051 1703 3123 egrediebar
1714 3055 1800 3126 (l'aal.
1813 3072 1907 3123 aaut,

1037 3071 1067 3107 lg·

279 3130 389 3187 iticualt
408 3136 433 3182 et
451 3122 625 3196 peccatoribus
650 3122 789 3176 manducat
813 3122 919 3193 (ιιιιιιι.
944 3140 982 3190 rx,
999 3072 1066 3195 ilbi
1116 3125 1164 3195 ιιιι
1177 3123 1254 3181 Unde
1268 3130 1399 3194 martyres
1412 3124 1446 3178 dc
1460 3122 1561 3177 cateruis
1575 3132 1602 3178 et
1617 3124 1728 3179 vinculis
1739 3124 1834 3181 lerrcis
1851 3142 1907 3180 nou

279 3198 365 3256 blemo
380 3204 506 3268 peccatur
516 3192 673 3257 secernitur,
690 3206 842 3247 nemereus
856 3193 988 3249 avellitur.
1004 3191 1067 3247 Dm·
1117 3194 1257 3261 curabant,
1272 3193 1323 3248 nisi
1336 3194 1399 3261 quia
1416 3191 1538 3247 Christus
1553 3191 1681 3246 Dominus
1700 3194 1787 3248 teucri
1802 3204 1830 3250 ιι
1847 3195 1907 3249 alli·

282 3285 330 3325 nes
344 3267 463 3339 hospites
483 3262 582 3320 Christi
606 3270 677 3326 surrt,
692 3277 835 3316 commune
855 3264 1006 3318 convivium
1025 3271 1067 3317 cst
1117 3265 1173 3333 gari
1190 3277 1283 3333 passus
1295 3260 1482 3327 estaludaeis,
1502 3261 1563 3332 quia
1575 3270 1684 3317 cateruas
1698 3266 1793 3320 mortis
1807 3265 1866 3319 diro
1888 3265 1909 3323 it

282 3338 414 3394 onruibus.
431 3334 566 3406 Praeparat
579 3330 719 3403 prandium
732 3331 888 3400 gaudiorum
912 3332 1067 3389 solemnitas
1081 3305 1103 3367 c
1118 3350 1134 3388 a
1147 3333 1259 3390 mortuis
1268 3333 1324 3402 y‘am
1336 3331 1475 3401 sepultus:
1490 3332 1536 3399 uui
1556 3331 1623 3386 dixit
1637 3332 1735 3401 eisqui
1753 3334 1780 3388 in
1794 3335 1855 3390 viiie
1887 3336 1910 3389 is

283 3408 470 3480 Apostolorum
483 3423 490 3458 ι
502 3405 589 3472 iustus
601 3401 720 3472 pascitur
729 3404 762 3456 de
776 3403 871 3472 gratia,
887 3413 1012 3472 peccator
1021 3418 1067 3458 re·
1118 3412 1189 3468 sunt,
1205 3401 1291 3467 Exite,
1306 3402 1392 3471 etqui
1406 3403 1431 3455 in
1444 3399 1559 3455 tenebris
1569 3408 1641 3467 sunt,
1653 3409 1682 3455 ut
1696 3403 1801 3458 viDeant
1817 3403 1910 3463 lumen

282 3481 369 3535 licitur
384 3476 418 3533 de
432 3473 606 3543 indmgeotia.
623 3470 656 3526 Et
680 3470 703 3526 si
717 3481 884 3526 murmurant
907 3471 1001 3539 ludaei,
1021 3472 1068 3527 sed
1119 3474 1198 3543 (loni.
1213 3488 1284 3535 ιιιι,
1298 3468 1326 3539 9)
1340 3489 1347 3523 :
1362 3482 1390 3526 ιι
1402 3470 1448 3540 qui
1462 3470 1527 3525 dixit
1542 3469 1642 3525 Lazaro
1663 3480 1725 3534 post
1737 3472 1909 3540 nuaaiduuuv

271 3549 370 3604 xelitaat
381 3563 402 3602 .r
417 3546 466 3603 rei.
480 3543 544 3599 lacti
557 3542 655 3599 securi.
676 3539 784 3595 Paraati
802 3543 830 3595 iu
853 3551 988 3611 corruperit
1012 3558 1068 3596 meo
1116 3559 1172 3614 yam
1186 3543 1304 3612 sepulto,
1319 3540 1398 3595 Prodi
1410 3543 1481 3612 [oran
1493 3539 1581 3612 (loarr.
1597 3556 1633 3605 xv,
1647 3539 1837 3611 teyttmtuus
1851 3559 1909 3599 oon

282 3633 406 3681 mennam,
420 3615 541 3670 adoneae
553 3627 595 3667 eos
609 3612 652 3683 pai
665 3609 838 3665 tribulacione
850 3610 936 3681 (Pani.
949 3627 1012 3675 arar,
1027 3611 1066 3682 5).
1119 3613 1306 3683 egrediebatur
1328 3611 1409 3674 lonas,
1430 3610 1492 3681 quia
1518 3619 1578 3665 erat
1599 3610 1668 3665 liber
1688 3612 1760 3667 intus
1778 3620 1808 3666 ct
1830 3611 1910 3668 loris.

282 3686 436 3744 Simonillc
450 3685 625 3746 Chananeus,
645 3681 690 3751 gui
714 3681 826 3734 mutavit
848 3697 947 3736 nomen
970 3684 1067 3748 gentis,
1119 3682 1147 3738 in
1158 3683 1182 3738 le
1197 3689 1327 3752 martyres
1341 3681 1432 3750 alapas
1446 3695 1500 3735 non
1518 3681 1691 3747 horruerunt,
1710 3682 1773 3750 quia
1785 3681 1912 3737 Christus

283 3766 312 3814 et
326 3756 437 3812 inscruit
448 3754 541 3810 liorem
555 3764 632 3808 suum
647 3764 753 3807 coruum
767 3751 880 3814 virtutis,
896 3760 1002 3822 aptatus
1013 3766 1069 3806 nra·
1120 3753 1241 3806 irvasillas
1254 3766 1317 3807 suas
1330 3750 1364 3805 ad
1378 3749 1420 3804 ala
1440 3765 1469 3804 as
1481 3748 1594 3819 prebuit
1608 3749 1761 3820 impiorum.
1775 3750 1840 3806 lude
1852 3768 1908 3807 aon

283 3824 530 3889 uibusSalvatoris,
544 3821 671 3887 lulgetde
689 3819 739 3874 ista
753 3836 853 3876 corona
877 3821 955 3889 igneo
977 3821 1070 3890 vigore
1119 3822 1212 3876 nocuit
1233 3828 1366 3892 martyres
1390 3766 1476 3875 inlisa
1496 3819 1564 3874 aeeti
1592 3819 1633 3875 rel
1657 3820 1758 3889 sinapis
1778 3822 1912 3876 acerrima

283 3898 435 3953 decoratus.
453 3893 536 3949 ludas
557 3891 657 3946 zelotes
673 3891 763 3944 zelant
780 3889 901 3956 Domino,
923 3906 976 3946 non
996 3904 1070 3946 com·
1120 3890 1258 3955 violentia,
1273 3891 1337 3958 guia
1352 3898 1457 3944 acetum
1474 3896 1503 3943 ct
1525 3887 1560 3943 ιιι
1581 3889 1678 3944 Christi
1700 3890 1913 3961 degustaverunt

285 3968 414 4022 mercium
424 3977 546 4034 aitarens
555 3960 691 4016 Christum
704 3958 854 4028 vendendo,
879 3975 928 4043 pro
943 3961 988 4015 illo
1002 3962 1071 4015 uela·
1121 3961 1200 4026 labia,
1217 3976 1270 4015 nou
1287 3959 1334 4014 tali
1353 3958 1433 4028 digno
1456 3958 1594 4029 potatione
1614 3973 1629 4012 a
1651 3958 1785 4029 pincernis
1808 3959 1911 4029 impiis,

285 4037 374 4099 batur,
388 4049 442 4089 ιιοιι
463 4033 497 4087 de
515 4032 561 4086 iliu
576 4029 769 4099 paciscebatur.
795 4029 947 4085 luveunnus
969 4031 1069 4086 etenim
1120 4031 1217 4100 quibus
1231 4030 1299 4097 rupit
1312 4037 1411 4099 petram
1425 4036 1450 4082 et
1463 4028 1594 4098 Quaenam
1604 4045 1687 4100 aqam,
1703 4038 1727 4082 et
1766 4030 1845 4085 otuuit
1864 4047 1911 4085 eoa

286 4107 321 4160 ibi
332 4105 472 4171 denigrato
484 4102 577 4156 colore
588 4108 742 4168 separatum
756 4098 885 4168 lapillum,
899 4097 996 4153 ludam
1015 4100 1069 4155 Do·
1121 4104 1185 4154 sicut
1197 4103 1223 4154 ιἰι
1237 4100 1329 4170 abgaro
1344 4098 1424 4151 multo
1442 4098 1527 4170 (Paul.
1549 4090 1648 4159 axxvu,
1665 4096 1718 4168 15).
1739 4048 1816 4154 Quae
1839 4115 1914 4154 ntor·

286 4174 354 4227 mini
368 4171 524 4226 traditorem
538 4169 655 4238 speeiem
680 4183 741 4222 cum
754 4169 916 4224 commercio
936 4169 1070 4223 deloedan·
1121 4177 1194 4241 tyres
1208 4169 1300 4224 nudati
1320 4169 1513 4232 sustinuerunt,
1541 4166 1665 4236 flagellati
1693 4184 1747 4223 non
1768 4167 1913 4233 fleverunt,

280 4252 353 4297 tem.
373 4240 395 4295 0
414 4239 527 4294 nomen!
556 4247 585 4292 et
609 4250 706 4291 nomen
735 4236 780 4290 ille
805 4236 953 4302 dicebatur,
981 4239 1072 4294 zelaris
1121 4241 1248 4308 nisiquia
1263 4238 1392 4293 Dominus
1413 4238 1528 4294 nudatus
1549 4246 1632 4292 estet
1652 4237 1809 4307 llagellatus,
1830 4248 1914 4309 atquc

287 4311 372 4367 zelavi
392 4309 505 4365 Domino
528 4306 706 4376 omnipotenti
721 4304 780 4377 (ιιι
801 4304 866 4377 ilep.
893 4322 949 4373 mv,
967 4307 1021 4375 ll),
1045 4317 1073 4362 ct
1122 4312 1280 4380 praecinctus
1293 4309 1343 4365 sub
1358 4307 1444 4363 Pilato
1465 4307 1566 4376 jndice,
1580 4309 1613 4362 de
1628 4324 1682 4379 qrvo
1700 4310 1758 4378 ipse
1779 4309 1913 4378 judicium

287 4382 370 4436 ludas
383 4378 504 4450 proditor
518 4384 596 4449 pactu
608 4375 726 4431 crudelia
737 4375 896 4437 deducebat,
915 4376 983 4441 Quid
996 4379 1072 4431 uultis
1121 4379 1211 4434 veniet
1221 4378 1361 4446 judicare?
1376 4375 1451 4433 Unde
1465 4377 1565 4432 eculeis
1586 4378 1700 4448 appositi
1721 4394 1781 4433 cum
1804 4378 1914 4448 augulis

288 4451 351 4506 nvitri
364 4451 436 4514 dare,
451 4459 475 4502 et
485 4445 610 4520 cpouolir
621 4461 677 4499 eam
689 4446 791 4499 tradam
806 4445 912 4517 (ιιιιιιιι.
923 4463 996 4513 xxm,
1008 4447 1072 4518 l5)?
1121 4450 1298 4512 sulcarentur,
1313 4445 1605 4519 aporiati-dulcissimis
1621 4448 1855 4503 decantationibus
1874 4448 1915 4502 ia·

282 4522 334 4578 ιιΙι
348 4522 448 4576 uelatus
460 4526 503 4574 est
516 4517 612 4573 edoctu
626 4515 740 4581 Domini,
754 4518 803 4571 iste
817 4516 968 4572 excluditur
978 4516 1071 4573 Domi·
1121 4520 1216 4573 burem
1236 4517 1368 4573 iaciebant
1387 4532 1448 4571 cum
1463 4516 1565 4586 pudore
1587 4516 1750 4581 tortoribus;
1775 4516 1827 4572 nisi
1850 4518 1915 4588 quia

288 4592 340 4647 uici
354 4597 418 4644 nota
432 4587 565 4645 convivii:
581 4586 628 4641 sed
641 4585 759 4640 delectat
777 4588 862 4655 magis
875 4589 989 4657 primum
1011 4603 1072 4642 cer·
1122 4602 1230 4645 crucem
1243 4586 1365 4645 Christus
1376 4586 1506 4641 Dominus
1519 4586 1650 4652 ascendit,
1665 4588 1786 4643 inimicos
1797 4602 1854 4647 ,ιιοιι
1868 4603 1917 4644 ac·

288 4677 353 4716 nere
367 4657 475 4714 Petrum
505 4658 656 4718 iscatorem,
673 4658 734 4722 uuio
749 4656 880 4711 horrescit
899 4657 1072 4713 novissimum
1089 4658 1236 4734 pausavit,
1259 4671 1309 4726 pro
1329 4671 1376 4710 sua
1398 4656 1492 4726 injuria
1515 4670 1568 4710 nou
1588 4655 1704 4721 deflevit,
1727 4656 1775 4714 sed
1798 4657 1917 4713 inimicis

288 4733 422 4801 respicere
431 4674 603 4783 tratlitorem.
619 4723 751 4780 Euctusus
765 4733 807 4780 est
819 4726 854 4781 de
866 4742 978 4789 corona,
992 4741 1072 4783 eum·
1125 4727 1231 4782 veniam
1250 4726 1403 4796 postulavit,
1429 4725 1474 4796 pio
1501 4726 1606 4781 cantico
1629 4727 1747 4797 psallens
1773 4727 1800 4781 ia
1828 4725 1846 4780 li
1868 4743 1914 4793 oo,

291 4802 386 4871 plenda
413 4805 455 4852 cst
477 4797 535 4866 ipsa
555 4809 665 4851 corona.
693 4793 743 4861 Qui
768 4795 857 4863 elegit,
877 4796 1008 4862 ascendit,
1029 4796 1075 4865 qui
1128 4796 1178 4853 Ριιι
1194 4813 1219 4864 r,
1233 4797 1336 4863 iarvoaca
1347 4796 1411 4868 illia,
1425 4796 1485 4867 gaia
1504 4796 1619 4850 nesciant
1636 4796 1699 4866 guid
1716 4798 1844 4869 [odanti
1890 4813 1915 4851 e.

290 4869 401 4926 tradidit
414 4867 493 4931 male,
506 4865 642 4935 pependit.
659 4865 724 4930 Quis
738 4868 862 4935 supplent
886 4882 1027 4921 numeram
1049 4867 1075 4919 in
1126 4882 1202 4932 xxur,
1216 4854 1282 4935 bit?
1295 4864 1346 4920 leta
1361 4878 1423 4933 ergc
1437 4864 1577 4920 servrinatio
1590 4867 1726 4936 sanguinis
1738 4866 1837 4922 Christi
1849 4867 1917 4922 lecit

289 4941 341 4995 ista
354 4953 455 4993 corona
466 4949 640 5005 gemmarum,
653 4936 812 5004 proponitur
825 4936 905 4990 sortis
922 4937 1019 4989 divinae
1030 4934 1076 5004 ju·
1127 4938 1229 4992 semina
1242 4945 1388 5006 martyrum
1404 4934 1534 5005 pullulare
1551 4934 1577 4988 iu
1596 4950 1693 5006 carnpo
1713 4937 1807 4991 matris
1825 4934 1918 4992 Eccle-

290 5010 401 5073 dicium,
417 5007 537 5061 Christus
555 5003 694 5059 llatthiam
710 5003 796 5072 diligit
816 5005 850 5060 de
868 5003 943 5061 coelo
964 5005 1033 5074 (dat.
1056 5021 1076 5068 1,

290 5078 348 5149 ιι),
363 5078 411 5147 qui
424 5075 564 5131 duodecim
579 5074 713 5128 ordinavit
728 5073 802 5141 (luc.
823 5090 877 5139 ιιιι,
894 5073 938 5143 ld)
953 5075 979 5129 io
1003 5089 1077 5129 cam·

309 5148 373 5203 ostri
387 5146 496 5217 palatiu.
516 5142 677 5214 aperiuntur
698 5143 797 5199 Sancta
820 5142 990 5211 Sanctorum,
1010 5159 1073 5213 pro·
1111 5201 1114 5208 ,

288 5165 375 5272 linior
389 5229 455 5272 urna
470 5230 561 5277 aurea,
575 5219 604 5266 ut
618 5227 682 5268 vere
692 5212 726 5266 de
740 5213 843 5269 caelesti
854 5228 920 5267 auro
937 5211 1073 5269 decorata.

290 5288 384 5347 Dsors
398 5284 484 5341 bona!
500 5298 560 5354 quar
573 5282 653 5351 elegit
666 5283 841 5352 discipulum,
857 5288 887 5337 ut
899 5283 1000 5350 integra
1013 5288 1076 5353 pere

289 5363 413 5412 maneret
434 5368 533 5410 corona
551 5365 727 5420 gemmarum,
742 5352 805 5421 quia
827 5350 910 5408 ludas
929 5354 1003 5407 sirius
1029 5367 1076 5422 pe·

291 5427 382 5497 pendit
406 5425 434 5479 in
456 5423 562 5493 hqoeo.
587 5419 658 5477 Ecce
684 5421 842 5478 duodecima
870 5423 965 5478 vestris
990 5422 1075 5477 oculis

291 5496 375 5564 lulget
388 5495 459 5565 picta
473 5507 583 5555 corona,
607 5492 641 5546 de
655 5494 731 5557 cujus
750 5501 861 5562 aspectu
883 5500 913 5546 ot
935 5492 992 5545 visa
1013 5490 1075 5547 llata

292 5567 393 5635 (torte,
420 5564 488 5618 vivis
511 5560 617 5628 albata)
641 5561 765 5616 scintillis
786 5562 871 5629 lulgct
902 5562 1075 5629 congregatio

291 5641 392 5689 vestra.
404 5630 454 5688 Ubi
464 5639 507 5688 est
516 5632 562 5687 ille
576 5631 627 5687 llas
641 5631 800 5688 electionis?
812 5630 924 5687 Claudat
946 5646 1075 5686 coronam

311 5702 411 5769 ietatis,
425 5709 453 5757 ιι
466 5700 583 5772 lapidem
598 5700 732 5768 Evangelii
754 5709 810 5756 toto
834 5701 932 5756 mundo
947 5702 1074 5756 tarrantis.

292 5720 384 5826 Cunus
403 5772 521 5833 ultianus,
536 5784 616 5839 quem
630 5771 711 5837 elegit
732 5771 833 5841 primus
856 5778 884 5825 et
903 5770 1073 5825 novissimus.

293 5840 492 5901 Saulusdurus,
506 5841 592 5896 laetus
605 5850 647 5897 est
665 5838 763 5896 Paulus
784 5849 947 5896 mansuetus.
975 5840 1077 5906 Quibus
1097 5856 1099 5861 ’

294 5910 406 5967 tornulis
419 5908 535 5964 aurilleis
555 5912 606 5965 iste
625 5916 667 5966 est
690 5909 756 5978 lapis
784 5910 910 5980 aptatus?
933 5907 1077 5965 Testantur

1128 5006 1190 5061 siae:
1202 5012 1232 5059 ιιι
1245 5005 1308 5063 dicit
1322 5004 1414 5068 David,
1429 5004 1480 5068 Qui
1493 5004 1621 5059 rennuunt
1632 5007 1660 5059 ia
1670 5006 1792 5077 lacrymis
1806 5007 1833 5059 in
1849 5023 1920 5077 porr·

1129 5076 1172 5131 dio
1182 5083 1285 5129 ιιιιιιιιι.
1301 5074 1401 5130 Euntes
1411 5074 1495 5139 ibant,
1509 5082 1537 5129 et
1548 5074 1658 5138 llebaut,
1673 5083 1700 5130 et
1718 5092 1771 5131 nou
1795 5076 1918 5142 stabant,

1126 5146 1173 5200 sed
1187 5144 1282 5200 Dentes
1296 5144 1379 5207 ibant,
1396 5151 1423 5198 ιι
1435 5143 1469 5198 ad
1486 5149 1614 5199 aeternam
1628 5146 1742 5214 patriam
1758 5143 1918 5200 tendebant.

1125 5213 1227 5269 Civitas
1235 5210 1425 5295 prolongabat,
1447 5220 1474 5268 et
1498 5213 1536 5267 illi
1558 5210 1667 5279 llcbant,
1688 5222 1718 5284 ut
1743 5208 1921 5287 peruenirent

1126 5284 1172 5339 ubi
1186 5283 1381 5339 desiderabant.
1402 5283 1447 5338 Sic
1460 5291 1646 5353 perrexerunt.
1664 5282 1806 5351 Quomodo
1823 5298 1920 5339 rerer-

1126 5355 1237 5409 tuuturi
1250 5351 1309 5408 Non
1323 5351 1427 5417 lleutcs,
1438 5353 1485 5407 sed
1499 5351 1660 5422 gaudentes:
1672 5369 1726 5408 nou
1738 5353 1826 5408 adhuc
1835 5352 1920 5408 semi·

1127 5431 1233 5488 ιιιιιιιι,
1247 5424 1295 5479 sed
1310 5423 1459 5492 manipulos
1472 5437 1535 5478 suos
1553 5421 1613 5476 laeta
1627 5423 1732 5478 ceruice
1755 5430 1916 5493 portantes:

1128 5493 1235 5549 venient
1244 5507 1297 5547 non
1311 5493 1413 5562 opertis
1425 5491 1556 5560 capitibus
1566 5488 1646 5560 pallio
1658 5492 1795 5547 velaminis
1805 5500 1921 5573 propter

1126 5577 1230 5625 cauma,
1244 5561 1291 5616 sed
1306 5562 1350 5616 lux
1365 5576 1446 5631 super
1459 5561 1546 5630 capita
1565 5575 1676 5621 eorum,
1691 5572 1721 5616 ct
1738 5562 1830 5616 latitia
1854 5576 1920 5631 pre·

1125 5632 1204 5687 tiosa.
1227 5629 1363 5685 Venientes
1375 5640 1461 5684 autem
1473 5631 1610 5685 uenientia
1624 5632 1796 5685 exsultatione
1807 5640 1922 5701 porton-

1127 5700 1319 5771 teamnnipaloa
1331 5716 1391 5755 auos
1406 5700 1491 5771 (Paul.
1507 5715 1587 5767 cxxv,
1606 5698 1645 5771 o),
1664 5714 1732 5771 quos
1752 5699 1832 5769 iuxta
1855 5714 1921 5755 ero·

1126 5785 1185 5826 cem
1197 5769 1303 5825 Domini
1316 5771 1527 5830 seminaverunt,
1543 5779 1571 5823 ιι
1584 5768 1619 5825 de
1640 5768 1700 5836 aius
1719 5769 1924 5827 resurreetione

1127 5838 1229 5895 luticios
1244 5849 1435 5895 messuerunt:
1464 5839 1526 5894 etei
1551 5846 1577 5894 to
1600 5839 1713 5894 nubibus
1731 5848 1925 5903 occurrerunt,

1127 5907 1272 5964 atterentes
1282 5909 1306 5963 ci
1322 5911 1443 5981 germina
1463 5924 1522 5973 sua,
1548 5909 1683 5979 accepturi
1706 5908 1885 5979 sempiterna.
1900 5906 1927 5962 D
