4106 6330
280 414 330 475 §Sl
801 409 830 465 S.
849 406 1032 465 intutum
1050 404 1203 464 uniscunt
1222 405 1408 463 mustuosis
1866 414 1918 472 m

281 531 433 604 adoptionis
446 530 556 599 divine,
570 526 791 602 qnodeperstus
806 533 849 582 est
868 524 951 582 eumn
975 524 1003 579 in
1022 522 1076 579 illis
1089 530 1113 588 Α
1128 522 1156 576 in
1170 519 1373 578 solu'catlmlice
1393 518 1513 579 Ecclesia
1536 537 1585 594 per
1600 536 1698 583 manus
1717 526 1917 600 impositionem

280 615 936 695 quiinlibnnllctuumapostoloruminvenluntur
946 613 1071 673 cumdem
1122 608 1182 669 duri
1205 610 1319 677 dicium,
1336 609 1463 669 nimirum
1482 611 1536 669 lsoc
1556 611 1668 686 intelligi
1695 614 1813 687 majores
1832 625 1917 681 nostri

281 714 413 789 Spiritum
426 713 572 785 aeoepime.
586 710 626 768 Ile
639 709 737 783 quibus
758 707 877 787 dicitur:
894 707 1072 764 liuldmdinis
1121 702 1267 763 uoluerunt
1279 702 1352 775 qued
1372 702 1518 776 Apostolus
1540 705 1596 761 ait:
1615 707 1745 772 monium
1758 714 1855 769 coritas
1866 714 1918 788 lies

280 808 533 866 mordentium
547 811 693 863 orotcmst
705 802 795 859 memo
810 817 864 857 uno
875 800 944 875 (Act.
956 814 993 868 tu,
1007 797 1071 873 ddlt
1122 797 1219 868 diffuso
1233 804 1273 853 est
1293 796 1322 851 in
1341 795 1462 853 sordidus
1481 798 1587 865 metris,
1600 816 1647 872 per
1662 800 1790 873 Spiritum
1798 818 1918 864 senenses

280 913 365 957 unum
378 898 450 955 enim
463 912 512 955 eor
524 903 553 955 ct
565 896 684 955 unimam
703 892 806 950 lecerat
818 890 998 949 multitudinis
1010 904 1071 947 cre-
1122 891 1166 964 qoi
1190 889 1267 945 datm
1291 898 1331 947 cst
1352 888 1437 945 noio.
1456 908 1466 941 s
1485 888 1687 962 Subsequenter
1708 902 1799 953 sutem
1823 898 1915 965 etiam.

280 986 401 1046 mum
412 987 441 1045 in
454 987 511 1046 uec
524 987 571 1060 qui
585 984 673 1042 Patris
690 992 719 1042 et
733 983 793 1041 Filii
807 999 876 1043 unus
885 992 933 1059 est
944 982 1072 1055 Spiritus,
1122 977 1196 1051 quod
1209 978 1293 1037 tudes
1305 978 1444 1051 apostolus
1458 979 1485 1035 in
1498 979 1620 1052 Epistola
1631 998 1677 1043 sua
1692 986 1793 1055 posuit,
1809 998 1916 1048 remoto

280 1091 310 1140 et
319 1099 381 1142 cum
392 1082 475 1141 Putre
488 1098 521 1139 ac
533 1080 603 1138 Filio
615 1086 736 1137 unusoet
758 1073 840 1136 Deus.
863 1076 939 1135 Unde
952 1083 980 1132 et
994 1076 1071 1148 Apo-
1122 1070 1450 1142 subintroeuntium,
1473 1081 1583 1128 senectus
1596 1072 1759 1154 Augustinus
1782 1082 1917 1151 exposuit.

280 1174 366 1233 stolus
375 1175 446 1232 iane
458 1172 607 1246 spiritalem
620 1170 752 1228 multtum
763 1169 792 1227 in
805 1167 914 1226 uinculo
926 1166 1001 1240 pacis
1013 1166 1071 1224 sol-
1122 1160 1206 1218 tudes
1218 1161 1291 1219 euim
1306 1162 1445 1234 apostolus
1455 1162 1521 1220 dicit
1533 1181 1539 1216 :
1556 1161 1594 1218 lli
1604 1173 1664 1220 sunt
1676 1166 1720 1237 qui
1730 1182 1868 1243 reprrpcut
1876 1166 1918 1229 rs·

279 1267 355 1325 netes
376 1266 443 1325 diac
465 1279 527 1324 osee
550 1262 722 1331 eorumdem,
735 1259 919 1333 sicldplresios
936 1274 1069 1318 monens:
1122 1254 1254 1327 meumes,
1270 1254 1407 1320 animales,
1422 1254 1549 1327 Spiritum
1558 1272 1610 1313 non
1625 1257 1758 1318 dolentes
1773 1261 1809 1318 Et
1820 1264 1918 1325 beatus

279 1356 494 1429 discursitantes
507 1372 552 1413 ros
563 1371 611 1429 epo
624 1353 723 1410 rinctus
745 1353 774 1408 irs
797 1350 923 1422 Domino,
945 1359 974 1406 ut
993 1351 1071 1424 stipor
1123 1343 1290 1416 Augustinus
1300 1344 1335 1402 de
1346 1346 1458 1421 caritate
1475 1346 1533 1414 liei,
1548 1363 1608 1418 quse
1624 1347 1721 1408 dillusa
1736 1360 1778 1410 est
1789 1355 1816 1410 in
1826 1348 1917 1417 cordi·

277 1449 621 1522 mensuratumque
633 1445 719 1503 rocsti
737 1444 810 1511 estis,
830 1459 889 1499 cum
902 1443 973 1500 omni
986 1441 1072 1497 lumi·
1123 1437 1175 1495 bus
1184 1437 1285 1496 nostris
1297 1453 1347 1510 per
1359 1437 1488 1512 Spiritum
1500 1450 1636 1514 sanctum,
1654 1443 1702 1515 qui
1723 1443 1801 1504 dstus
1811 1458 1854 1506 est
1865 1466 1916 1509 uo·

277 1544 352 1601 litote
376 1551 402 1599 st
420 1540 628 1608 mutter,
648 1554 707 1595 oum
729 1538 866 1611 potientis,
890 1541 1073 1607 supportantes
1123 1530 1177 1598 his,
1191 1530 1277 1588 dicit:
1292 1549 1303 1585 c
1318 1530 1379 1602 lpsa
1393 1540 1435 1589 est
1449 1533 1520 1589 enim
1532 1536 1632 1593 caritas
1643 1550 1725 1608 quum
1738 1516 1794 1597 uon
1816 1541 1918 1603 uatem

276 1636 387 1691 isricess
399 1634 428 1690 iss
439 1634 560 1698 commu,
574 1630 680 1688 solliciti
699 1644 803 1686 mroorr
817 1628 943 1683 unitatem
958 1623 1073 1698 Spiritus
1123 1621 1171 1693 qui
1181 1621 1215 1678 als
1224 1620 1351 1679 Ecclesiae
1361 1623 1501 1681 catholice
1507 1628 1697 1686 communione
1703 1630 1806 1701 precisi
1815 1642 1888 1689 sunt.
1903 1655 1914 1688 s

276 1725 304 1783 irs
314 1724 416 1783 oisoslo
426 1726 509 1796 pecie
522 1740 603 1779 suum
616 1717 710 1793 corpiss
722 1728 748 1775 et
759 1735 826 1775 mnus
838 1720 949 1791 spiritus
962 1715 1070 1791 (Epiros.
1123 1719 1165 1776 An
1179 1716 1320 1793 qnisquam
1332 1720 1452 1779 dicturus
1467 1732 1519 1792 est,
1536 1725 1608 1783 aliud
1622 1742 1682 1787 esse
1693 1728 1823 1802 Spiritum
1835 1746 1915 1789 saec·

275 1832 313 1885 pc,
329 1816 368 1888 l).
393 1810 472 1873 liudo
495 1813 627 1885 Spiritum
647 1808 809 1869 discedendo
833 1809 969 1875 amittunt,
989 1807 1013 1864 si
1025 1807 1072 1880 qui
1125 1819 1183 1867 tunt
1197 1825 1355 1882 porretanus
1369 1810 1568 1884 impositionem
1588 1818 1763 1880 redeuntibus
1786 1805 1917 1884 moedus

275 1915 323 1964 sut
337 1904 449 1978 perlsdia
463 1903 612 1976 depravati,
632 1903 687 1974 38
708 1909 756 1957 sut
778 1900 903 1971 superbia
924 1895 1019 1968 inflati,
1034 1899 1069 1955 alr
1084 1902 1190 1977 gduri,
1204 1915 1285 1973 quum
1305 1903 1420 1975 spiritali
1444 1905 1579 1966 merillcio
1597 1909 1731 1969 diuinitus
1741 1914 1842 1971 tribuit
1855 1914 1915 1974 lior

275 1999 381 2058 unitate
393 1996 517 2070 eorporis
536 1995 666 2054 Scelesise
687 2000 871 2065 segregentur.
895 1992 968 2061 Quos
987 1990 1070 2049 ludus
1121 2000 1212 2049 autem
1224 1993 1272 2064 qui
1286 1994 1380 2062 sentit,
1401 2003 1448 2069 sut
1460 1995 1536 2063 dicit,
1552 1999 1802 2070 proiectonondum
1813 2006 1915 2062 intelli·

275 2089 415 2165 apostolus
433 2089 559 2147 sinelroc
582 2087 684 2159 Spiritu
705 2101 766 2144 esse
784 2084 924 2144 evidenter
940 2084 1068 2154 ostendit,
1120 2085 1169 2156 git,
1192 2085 1311 2156 omnus
1333 2089 1494 2160 semetipsos
1517 2091 1664 2148 exhibeant
1685 2094 1800 2151 hosdem
1825 2097 1915 2156 rivam

275 2181 388 2241 dmm:
403 2178 442 2236 iti
456 2188 517 2237 sunt
526 2180 569 2253 psi
584 2186 721 2252 mprepont
743 2177 905 2248 semctipsos,
932 2175 1070 2243 cumules,
1120 2184 1254 2245 sanctam,
1269 2177 1327 2236 uso
1349 2179 1512 2251 placentem,
1536 2182 1560 2238 si
1583 2185 1628 2255 qui
1642 2185 1875 2245 schismaticorum
1887 2196 1915 2247 et

275 2271 405 2347 Spiritum
417 2288 469 2328 uon
489 2270 612 2326 ludentes
626 2267 700 2341 (lud.
721 2265 782 2341 itt),
793 2265 827 2323 tit
838 2267 910 2323 enim
928 2265 992 2337 quia
1010 2266 1066 2321 ani·
1121 2267 1319 2336 heroicorum,
1342 2270 1511 2330 mertilerum
1532 2273 1715 2346 relinquentes
1730 2293 1861 2347 errorem,
1878 2279 1915 2339 sd

275 2363 361 2422 mules
370 2370 443 2431 suunt,
459 2361 521 2419 ideo
534 2359 663 2433 Spiritum
673 2375 729 2416 non
743 2358 853 2415 lachem.
868 2356 985 2430 Propter
996 2356 1071 2430 quud
1121 2360 1264 2421 eutholiere
1283 2365 1408 2424 veritetis
1420 2367 1536 2424 redeunt
1549 2370 1690 2439 unitatem,
1706 2373 1751 2430 uiri
1770 2372 1915 2435 elien-entes

275 2452 375 2512 Penius
388 2453 527 2527 apostolus
540 2452 605 2509 dicit
616 2470 625 2508 c
638 2452 768 2508 Animalia
797 2452 873 2507 imno
896 2467 950 2507 non
963 2450 1071 2522 pumpil
1121 2453 1286 2514 secrillcium
1300 2457 1357 2515 lieo
1371 2460 1496 2532 spiritum
1508 2460 1716 2521 contribulatum
1728 2466 1780 2537 ipsi
1791 2477 1854 2526 sunt
1863 2470 1914 2527 lae·

274 2552 405 2609 suom
417 2545 534 2619 Spiritus
550 2542 597 2600 uei
610 2541 638 2616 (l
651 2540 750 2608 Consu,
765 2540 822 2613 dl).
837 2539 916 2599 Tales
930 2539 1021 2611 itaque
1031 2537 1072 2595 ls-
1121 2547 1173 2603 ssia
1184 2549 1254 2615 viva,
1267 2551 1506 2624 eunomianum
1518 2555 1572 2626 30
1587 2555 1652 2612 noo,
1670 2555 1737 2625 Quis
1748 2567 1798 2631 pos
1807 2563 1913 2618 popm.

274 2637 341 2698 elles
352 2645 416 2696 sunt
434 2636 468 2693 sd
482 2636 651 2701 divisionem,
663 2634 727 2705 quis
739 2632 870 2706 Spiritum
890 2631 1070 2702 monument,
1122 2638 1369 2697 tionemlmsniliati
1383 2642 1474 2700 cordis
1486 2644 1515 2700 in
1530 2646 1661 2702 unitatem
1674 2649 1856 2707 membrorum
1870 2665 1913 2709 re·

274 2730 302 2789 in
325 2743 380 2802 quo
394 2743 449 2785 uno
464 2728 586 2784 membra
599 2726 928 2787 Christicarsmserrunt
942 2722 1070 2795 spiritali·
1121 2728 1207 2787 dsunt
1226 2730 1298 2788 illiue
1318 2712 1469 2791 saeer'dotts
1492 2736 1539 2805 qui
1565 2735 1661 2794 dilexit
1683 2754 1742 2803 nos,
1759 2740 1830 2797 siem
1848 2742 1913 2799 dielt

275 2821 469 2879 teruultstom.
485 2817 563 2876 tinde
580 2816 752 2874 manilestum
765 2823 808 2874 est
821 2816 892 2888 apud
905 2830 1000 2872 omues
1013 2815 1071 2872 hm·
1122 2821 1290 2892 Apostolus:
1305 2822 1342 2879 lit
1359 2823 1622 2902 ollulitssmctlpsens
1641 2848 1689 2903 pro
1711 2831 1785 2889 nolis
1804 2833 1912 2890 silom·

274 2913 376 2972 reticos
387 2910 503 2985 Spiritus
522 2912 609 2969 suncti
626 2911 739 2980 gratiam
756 2924 811 2966 nou
824 2924 894 2974 esse,
911 2924 962 2966 uec
975 2923 1071 2966 eorum
1121 2923 1213 2969 mmet
1222 2914 1334 2970 toruum
1348 2913 1404 2972 ltro
1416 2918 1445 2973 in
1455 2918 1560 2975 odmen
1573 2922 1911 2995 manumisissent).

274 3003 417 3071 uorldde,
429 3002 549 3077 quandiu
564 3000 684 3063 heretici
702 3007 776 3068 sunt,
790 3014 871 3072 posse
884 2998 941 3056 lieo
951 2999 1069 3072 placere,
1121 3002 1159 3060 IJt
1171 3012 1262 3061 sutem
1272 3006 1386 3077 redeunt
1395 3016 1423 3064 et
1436 3009 1557 3081 spiritale
1562 3011 1723 3072 sacrificium
1733 3016 1807 3083 liant,
1814 3019 1913 3074 caritas

274 3110 364 3170 neque
372 3093 501 3169 spiritalis
514 3094 608 3166 gratioe
619 3088 862 3149 sancuucastonen
874 3088 1014 3147 saeriliciis
1027 3104 1072 3147 eo·
1121 3094 1170 3153 liei
1185 3097 1251 3155 lacit
1262 3114 1323 3171 quse
1335 3099 1432 3159 didusa
1442 3111 1484 3159 est
1494 3105 1522 3160 in
1532 3104 1658 3165 corninus
1669 3110 1779 3177 nostris,
1793 3126 1842 3182 per
1853 3110 1913 3184 Spi-

274 3200 335 3247 tnm
348 3188 429 3247 tribui
443 3189 491 3262 qui
504 3185 622 3245 ollernnt
635 3186 669 3241 uls
682 3182 860 3242 ecclesiastici
870 3183 994 3254 eorporis
1007 3183 1069 3240 uni-
1120 3189 1202 3245 ritum
1217 3199 1341 3248 sanctum
1354 3196 1400 3266 qui
1414 3191 1493 3253 dstud
1507 3205 1550 3254 est
1563 3199 1650 3256 nobis.
1665 3199 1754 3257 Solius
1768 3203 1858 3274 itaque
1868 3219 1905 3262 ce

275 3288 331 3338 tste
341 3279 467 3352 disjuncti
480 3298 487 3334 ι
502 3278 588 3337 solius
601 3276 673 3334 enim
685 3274 813 3332 nutele
835 3273 907 3331 {leus
920 3273 1071 3333 delectatur
1083 3312 1107 3378 e
1121 3279 1230 3337 tholieoe
1253 3282 1375 3341 veritatis
1398 3293 1427 3342 et
1448 3289 1647 3347 communionis
1663 3291 1824 3350 sacriiieium
1844 3294 1914 3356 Deus

275 3370 424 3440 merillcils,
439 3385 500 3443 qum
518 3366 648 3426 arundeis
662 3367 710 3440 (ol.
728 3382 811 3438 qnam
825 3363 997 3433 sacrificium)
1012 3364 1070 3425 Deo
1122 3369 1239 3429 libenter
1251 3373 1368 3447 sucipit:
1382 3376 1445 3448 quia
1459 3378 1523 3435 dum
1536 3381 1677 3438 caritatem
1696 3399 1772 3439 snam
1793 3401 1843 3457 per
1854 3386 1914 3460 Spi-

276 3463 341 3521 iscit
350 3463 440 3520 unitus
448 3460 579 3534 spiritalis
592 3478 600 3515 ε
611 3458 685 3516 unde
694 3458 763 3532 (ulti)
771 3454 1073 3533 ctlldeiuetitasnullsm
1121 3462 1204 3520 ritum
1217 3473 1341 3522 sanctum
1351 3466 1476 3525 diffusam
1497 3470 1571 3527 inea
1585 3464 1710 3539 custodit,
1724 3474 1809 3544 ipsam
1820 3475 1915 3535 Eccle-

275 3554 361 3612 eeun
374 3550 722 3616 numerusnumerous,
738 3557 767 3606 es
787 3549 863 3623 paors
876 3548 1008 3606 ennom
1021 3545 1073 3605 res
1121 3556 1191 3615 oram
1200 3556 1252 3614 snut
1261 3568 1367 3628 rnuun
1378 3560 1538 3620 ommim
1552 3562 1626 3634 tacit.
1637 3581 1696 3637 nm
1709 3567 1796 3639 peon
1806 3584 1915 3643 esopo

276 3652 381 3705 tunam
391 3654 483 3704 serrat
492 3645 520 3702 in
529 3644 644 3702 caritate
657 3640 840 3700 concordium.
1122 3650 1210 3722 poscit
1223 3652 1337 3720 gratiam
1350 3652 1477 3724 spiritalis
1489 3653 1609 3711 sununs
1629 3657 1753 3728 aceipero
1771 3675 1821 3731 per
1832 3674 1915 3731 quam

276 3757 370 3815 cnon
383 3773 431 3813 ιιι.
451 3754 616 3813 nanneno
635 3754 821 3824 argonensis
835 3753 956 3809 orntum
975 3754 1072 3809 nosne
1122 3756 1153 3798 ce
1177 3742 1265 3813 posen
1288 3743 1405 3801 nossem
1424 3746 1524 3815 rivum
1546 3755 1676 3815 meum,
1694 3746 1750 3806 uon
1764 3750 1916 3822 pumicum

313 3846 361 3902 per
382 3828 509 3897 Spiritum
530 3833 659 3881 sunctum.
676 3822 727 3888 Qut
748 3824 783 3878 ud
804 3823 929 3878 unitatem
950 3822 1074 3879 [nuuc
1120 3832 1372 3906 Jugioepgxlsibm,

315 3897 433 3966 redeunt,
445 3895 566 3955 alodem
577 3911 605 3950 se
618 3890 900 3949 montanensem
917 3892 1072 4009 placentem:
1123 3935 1214 3994 cnm
1243 3954 1302 3996 xttt.
1324 3937 1425 4006 Quam
1438 3944 1546 4015 mm
1566 3943 1676 4000 Momm
1696 3946 1728 4000 αθ
1741 3960 1915 4019 mmmya,

314 3997 354 4065 ΝΘ
366 3997 428 4071 1111Ῑῦ
441 3986 532 4053 distein
543 4009 595 4051 ⁸⁰⁸
608 3993 767 4065 duoe‘sdum
780 3990 898 4050 Emi*
911 3993 938 4050 5¹¹
949 3991 1072 4051 ΝΜ
1160 4011 1229 4066 tione
1241 4010 1369 4082 Apostoli.
1386 4010 1523 4082 Eupositio
1535 4011 1605 4069 denti
1613 4013 1752 4080 Ambrosii,
1760 4015 1826 4073 lilro
1839 4033 1875 4072 tn
1887 4019 1915 4074 irs

277 4104 361 4166 prem
378 4086 496 4160 Spiritus
508 4085 596 4143 sancti
618 4083 741 4156 deposcit
753 4083 910 4153 aduentum,
926 4084 1072 4156 mcorsgme
1159 4096 1186 4137 nv
1198 4079 1263 4136 Asc.
1280 4079 1416 4151 Ennomon
1429 4080 1462 4137 ll.
1474 4079 1563 4153 Optoti
1573 4094 1633 4138 orum
1642 4083 1754 4139 medium
1765 4085 1826 4142 lilrs'
1834 4089 1915 4143 seri.

278 4180 366 4242 uncti
386 4179 502 4251 Spiritus
521 4176 653 4235 uocabulo
673 4177 816 4234 ceritatem
836 4176 1072 4249 intelligeremus
1158 4171 1259 4229 Scribis
1274 4179 1405 4243 preterea
1425 4170 1459 4227 de
1478 4171 1525 4227 illo
1543 4170 1665 4244 Apostoli
1678 4173 1760 4243 leco,
1785 4176 1830 4232 ulsi
1853 4177 1912 4234 ait:

277 4271 373 4333 diliusa
383 4277 425 4329 est
438 4272 466 4329 in
479 4269 606 4327 muninus
620 4268 721 4326 nostris
731 4283 780 4339 per
793 4267 924 4341 Spiritum
938 4277 1071 4338 sanctum,
1122 4260 1164 4318 De
1185 4262 1326 4337 virginium
1341 4272 1425 4318 tutem
1445 4273 1601 4335 proeccpuun
1619 4262 1726 4320 Domini
1746 4283 1799 4323 non
1822 4267 1914 4337 nmen,

277 4365 326 4438 gul
339 4363 419 4423 datus
441 4370 484 4421 est
506 4361 596 4430 nouis,
623 4360 795 4418 commodum
813 4360 939 4417 duximus
952 4363 1073 4433 paternis
1123 4356 1260 4411 cottilittii
1284 4364 1369 4410 nutem
1401 4353 1445 4410 do.
1481 4353 1560 4422 Quod
1582 4356 1724 4412 consilium
1747 4358 1775 4414 in
1798 4359 1915 4430 episreis

277 4456 463 4517 definitionem
476 4461 597 4511 nostram
620 4452 780 4524 premunire
792 4453 943 4510 sententiis.
958 4452 1073 4511 Sanctm
1123 4462 1204 4519 quam
1215 4447 1250 4502 ad
1265 4455 1292 4504 te
1306 4462 1393 4517 nuper
1411 4447 1505 4518 scripsi
1517 4441 1551 4503 ed
1561 4447 1625 4503 illud
1635 4449 1771 4519 pertinere
1780 4465 1914 4508 memora·
1946 4460 1950 4466 ’

278 4550 352 4609 euim
366 4548 529 4619 Augustinus
548 4547 577 4602 in
597 4544 672 4601 libris
695 4543 730 4601 dc
743 4543 880 4616 Baptismo
894 4541 951 4613 (tit.
962 4557 1071 4615 ux,oup.
1123 4540 1149 4596 vi
1173 4539 1255 4613 quod,
1271 4541 1376 4598 duobus
1389 4539 1506 4596 denariis
1524 4556 1540 4596 a
1559 4541 1671 4597 [iomino
1685 4543 1813 4615 receptis,
1830 4540 1914 4605 ssdelis

279 4641 338 4714 ld),
351 4656 413 4700 oum
422 4638 599 4711 ommonem
607 4634 838 4693 dedaereticorum
846 4633 1003 4705 receptione
1013 4632 1072 4690 sine
1124 4630 1287 4689 stabularius
1307 4632 1511 4704 supererogavit
1530 4630 1607 4705 (Luc.
1621 4648 1657 4701 x,
1676 4633 1733 4707 35).
1754 4633 1838 4705 Cuius
1862 4634 1915 4696 loe·

138 4712 160 4755 '‘
277 4731 451 4806 oapusnssts
474 4729 618 4787 iteratione
638 4734 769 4793 vomeret,
799 4725 826 4781 in
850 4723 931 4780 tertio
953 4722 1074 4794 eiusdem
1087 4691 1253 4787 1'semum
1279 4720 1343 4778 licet
1367 4736 1420 4778 non
1445 4724 1481 4777 ita
1496 4737 1512 4777 a
1525 4730 1620 4779 sancto
1633 4723 1781 4791 Augustino
1797 4725 1915 4794 positum

278 4822 370 4896 operis
392 4821 475 4889 libro,
494 4817 636 4876 interulis
655 4816 695 4873 sic
717 4815 800 4873 dicit:
820 4812 963 4886 «Spiritus
983 4822 1073 4868 sutem
1126 4827 1252 4879 asserus,
1276 4811 1344 4868 alios
1359 4819 1449 4868 menen
1470 4812 1588 4869 illustres
1601 4813 1673 4869 uiros
1698 4813 1787 4869 taliter
1801 4813 1914 4888 hncpn·

245 4900 247 4906 ’
277 4923 400 4979 sanctus,
413 4911 488 4985 qued
501 4912 529 4968 in
548 4910 607 4968 sola
618 4907 754 4983 catholica
766 4905 897 4972 Ecclesia,
916 4920 965 4977 per
978 4919 1073 4961 manus
1124 4906 1211 4962 ruisse
1230 4903 1383 4962 murflrmas.
1413 4902 1460 4961 Est
1471 4902 1579 4977 quidem
1598 4917 1691 4960 versum
1703 4921 1711 4959 ι
1725 4904 1791 4975 quia
1804 4915 1915 4964 sanctus

279 5004 481 5077 impositionem
494 5001 554 5058 duri
566 5000 674 5065 dicitur,
685 4997 812 5054 nimirum
826 4994 881 5051 lnoc
893 4994 1006 5064 intelllgi
1015 5009 1072 5049 nm·
1126 4996 1291 5064 Augustinus
1313 4995 1365 5052 hoc
1387 4994 1455 5051 dixit
1476 4995 1510 5050 ab
1529 4993 1660 5066 Apostolo
1682 5005 1915 5068 supererogatum.

278 5097 354 5170 loros
367 5096 452 5152 nostri
460 5094 614 5156 uoluerunt,
628 5089 700 5162 quod
711 5087 855 5159 Apostolus
870 5087 928 5141 ait:
943 5082 1073 5152 Quoniam
1125 5084 1199 5157 quod
1213 5101 1274 5142 cnm
1285 5086 1432 5143 secundum
1442 5092 1605 5158 preceptum
1620 5092 1721 5156 posset,
1736 5086 1866 5154 sinellet,
1883 5087 1915 5148 dc

280 5189 377 5246 conitus
388 5185 437 5242 Dei
450 5185 547 5257 diffuso
560 5195 599 5241 est
611 5185 640 5239 irs
653 5179 773 5238 sordidus
793 5179 901 5245 nemus,
920 5195 967 5250 per
987 5177 1075 5249 Spiri-
1125 5177 1272 5247 Evangelio
1281 5178 1384 5246 uivere,
1404 5179 1499 5235 meluit
1513 5185 1601 5233 museo
1613 5191 1667 5232 nnu
1681 5177 1768 5234 solum
1781 5178 1843 5244 sibi,
1869 5179 1915 5238 sed

281 5289 335 5337 uros
347 5287 477 5342 mortum,
503 5277 547 5351 gui
568 5275 646 5337 dotus
668 5284 707 5331 cst
725 5271 799 5329 rolris
814 5269 903 5344 (Rom.
918 5286 946 5339 u,
959 5268 998 5342 5).
1013 5269 1073 5343 lpsx
1125 5271 1208 5356 ethis
1218 5271 1264 5343 qui
1278 5288 1339 5330 cunr
1352 5272 1400 5329 illo
1414 5278 1501 5338 erant,
1514 5269 1631 5341 propriis
1645 5270 1768 5326 manibus
1780 5270 1915 5342 tsuorsre,

280 5371 408 5441 monim
418 5365 528 5436 caritas,
543 5380 625 5438 quum
638 5382 693 5427 non
707 5366 807 5424 habent
831 5363 877 5435 quui
897 5364 932 5420 alr
945 5361 1074 5420 Ecclesiae
1126 5365 1195 5423 sicut
1208 5363 1331 5436 Ephesiis
1343 5364 1476 5421 veraciter
1498 5362 1585 5418 dixit:
1610 5359 1668 5440 ipsi
1682 5363 1773 5432 scitis,
1794 5365 1916 5437 monicus

280 5463 420 5524 catholice
427 5459 617 5527 communione
624 5458 728 5530 precisi
735 5464 807 5514 sunt.
818 5476 828 5510 r
839 5455 1074 5526 emonensem,
1126 5456 1174 5528 (al.
1193 5456 1332 5527 quomodo)
1344 5454 1380 5513 od
1392 5471 1422 5509 eu
1436 5469 1494 5527 pum
1508 5452 1572 5508 milri
1586 5468 1650 5525 opus
1669 5460 1762 5519 erum,
1782 5461 1807 5508 et
1818 5453 1860 5508 liis
1873 5455 1916 5525 oui

280 5552 465 5612 minumum
479 5549 656 5621 tegminum
670 5550 698 5606 in
711 5548 963 5623 sunmitsmipturis
977 5547 1075 5604 divini·
1125 5561 1317 5621 mecummet,
1338 5549 1550 5604 ministraverunt
1571 5561 1662 5603 mamm
1685 5547 1751 5602 ittoe.
1777 5545 1811 5601 tir
1829 5550 1916 5604 omniu

282 5656 327 5704 tus
340 5646 487 5714 eruditum,
500 5640 639 5716 quomodo
647 5657 701 5699 uuo
714 5644 741 5699 in
751 5643 813 5701 loeo
824 5658 879 5699 non
888 5642 976 5698 solnm
986 5640 1075 5698 sancti
1126 5640 1226 5697 ostendi
1237 5639 1318 5707 rodis,
1332 5642 1455 5714 puoninm
1468 5640 1505 5695 sic
1518 5638 1667 5696 luderemus
1679 5647 1779 5712 oportet
1790 5640 1916 5710 suscipere

283 5737 400 5811 apostoli
413 5735 501 5807 Pauli,
514 5737 563 5795 sed
582 5736 665 5794 etiam
686 5736 773 5792 sancti
791 5733 867 5792 dudm
880 5733 996 5806 apostoli
1009 5714 1074 5791 sen·
1118 5733 1245 5807 ¹infirmos
1267 5733 1336 5806 (Art.
1356 5747 1408 5797 xx,
1429 5730 1486 5787 tls.
1500 5729 1567 5787 liam
1591 5739 1618 5786 et
1633 5706 1932 5788 tessalonicensibus*
2044 5810 2045 5817 ἵ

196 5868 202 5877 ·
282 5844 353 5896 sum,
366 5827 394 5883 in
408 5827 495 5883 sancti
509 5827 626 5899 Spiritus
645 5826 764 5892 nomine,
779 5826 939 5882 mirabiliter
957 5824 1074 5896 speruit.
1126 5826 1257 5893 scribens,
1272 5824 1400 5881 Alemores
1409 5824 1479 5880 enim
1494 5824 1567 5890 estis,
1581 5820 1684 5890 inquit,
1699 5821 1804 5893 iratres,
1818 5818 1916 5877 utone

282 5919 330 5982 Ait
349 5919 423 5980 enirn
436 5918 579 5997 superius:
598 5937 608 5972 s
623 5918 740 5987 Spiritus
762 5923 853 5975 sutem
866 5924 986 5982 suumne,
1001 5913 1076 5995 guod
1127 5919 1174 5995 (al,
1190 5920 1318 5997 tutorem,
1341 5918 1407 5987 ete)
1422 5918 1506 6005 nostri
1517 5925 1543 5975 et
1558 5914 1730 5994 [ntiputicnie
1744 5921 1818 5978 ¹stocts
1835 5921 1863 5971 st
1875 5912 1916 5997 dis
