4106 6330
184 347 224 415 ιδ
631 347 676 405 ro
694 345 839 409 senten
857 343 1023 404 uouisset!
1043 340 1144 435 Psl'AE
1161 345 1184 404 ll
1206 344 1384 404 tresenti.
1786 349 1825 412 ιθ

185 465 317 542 plurimos
338 460 482 536 episcopos
492 461 532 519 sic
545 460 650 519 iecisse.
665 461 795 534 Superest
819 468 848 516 ut
875 458 982 515 anobis
996 467 1021 522 A
1033 459 1119 516 stiaua
1138 462 1307 528 rectoribus,
1321 462 1367 530 qni
1380 461 1541 532 compressis
1556 446 1668 533 provide
1681 460 1825 536 dispensa.

185 556 415 615 contendentibus
433 555 559 627 precibus
572 555 698 615 diuinitus
711 564 824 612 exorata
838 553 980 621 concedet,
1034 551 1108 607 tione
1129 551 1291 617 turbinibus,
1315 551 1362 608 dio
1385 552 1582 623 peregrinatam
1606 569 1700 629 pacem
1713 553 1827 627 &pulsa

185 649 370 725 eneconem
387 648 503 708 abaron
524 662 634 719 quosue
658 646 842 707 Ecclesiarum
863 644 982 703 redinte-
1034 650 1195 714 tempestate
1212 642 1387 710 reducerent,
1409 652 1439 699 nt
1454 644 1480 700 in
1499 643 1588 701 lotura
1600 654 1663 716 post
1679 647 1778 717 secula
1792 647 1827 703 ad

185 739 499 813 gradooegratulemnr,
513 736 553 797 Ea
569 753 704 809 seroque
716 735 984 807 signiticarecuravi-
1034 734 1165 805 propositi
1191 735 1233 790 sui
1247 734 1371 806 exempla
1394 736 1545 805 tendentes,
1567 739 1826 799 sibiascribcndnm

185 847 263 898 mos,
275 831 306 889 in
319 845 414 891 eornm
434 829 616 897 secerdotum,
628 829 675 900 qui
688 828 858 888 irateroitati
877 838 930 886 tum
945 828 984 883 ei·
1034 825 1217 885 indubitanter
1227 826 1414 908 ostenderent,
1428 827 1557 900 quidquid
1568 831 1683 888 donnino
1698 830 1828 902 placitum

184 921 243 980 sini
256 921 463 986 sunt,curabis
486 918 608 993 perlerre
623 920 770 986 notitiam,
786 928 816 975 ιιι
836 927 864 974 ct
879 918 931 989 ipsi
949 917 984 973 de
1033 917 1152 989 posteris
1177 932 1226 987 pro
1246 932 1294 972 sna
1314 918 1464 975 imitatione
1481 919 1618 977 iecissent.
1633 920 1829 981 Benedicamds

184 1012 286 1073 affletur
307 1021 392 1071 tomae
405 1013 447 1069 rei
460 1012 563 1082 autiss
583 1011 724 1071 uobiscum
743 1011 863 1079 celestis
877 1007 983 1067 miscri-
1036 1007 1189 1073 bominem,
1203 1006 1299 1063 fratros
1313 1008 1453 1072 carissimi,
1465 1011 1566 1067 nosuis
1578 1010 1736 1070 lrocrlicbus
1745 1012 1842 1087 inisse,

184 1106 288 1165 cardia
301 1104 440 1164 becceriis
459 1103 561 1163 relerre
575 1119 629 1161 non
639 1111 758 1159 cessent.
773 1101 899 1160 Anneius
911 1100 984 1155 enim
1035 1082 1242 1165 concessumst
1256 1099 1318 1153 totis
1328 1100 1480 1155 orationum
1493 1107 1656 1157 eternorum
1670 1103 1772 1166 uiribus
1782 1121 1830 1160 nn-

184 1195 306 1269 pmlete
315 1194 538 1265 Cmtbaginensis
549 1193 677 1253 Ecclesiae
687 1193 910 1265 olimepiscopus,
923 1207 985 1248 eum
1034 1192 1161 1257 nitamur,
1173 1198 1203 1247 ιιι
1216 1206 1275 1261 qtae
1290 1191 1337 1247 liei
1348 1205 1402 1262 ope
1411 1191 1480 1247 benc
1493 1203 1581 1264 empta
1596 1203 1667 1264 sunt,
1680 1196 1738 1267 ipso
1752 1195 1830 1266 odju-

184 1288 256 1360 (boee
267 1285 421 1361 seuuemo)
437 1286 548 1356 collegis
560 1286 617 1343 suis
630 1285 789 1357 (instigante
805 1283 924 1356 diabolo)
939 1298 985 1338 su-
1036 1292 1117 1341 esnte
1131 1284 1282 1355 peremnia
1295 1283 1492 1353 compleantur.
1519 1285 1689 1355 sperandum
1702 1287 1774 1342 errius
1788 1294 1831 1342 est

183 1378 296 1450 perbiro
311 1377 477 1452 temporibus
489 1374 718 1448 predecessorum
733 1382 886 1433 metrorum
901 1374 984 1430 Boni·
1037 1387 1067 1436 ut
1080 1378 1113 1435 ad
1128 1391 1286 1449 compagem
1300 1376 1424 1448 corporis
1438 1377 1673 1448 sudreiensem
1688 1378 1777 1434 adbuc
1789 1377 1831 1432 di-

185 1465 250 1524 lecii
264 1476 346 1539 atque
356 1466 599 1526 seelestinicontra
611 1467 761 1529 Romanam
772 1466 920 1525 Ecclesiam
929 1479 984 1521 cm·
1017 1452 1021 1459 ⁵
1037 1470 1093 1527 uiso
1107 1480 1188 1551 sunt,
1209 1456 1331 1527 membra
1345 1466 1484 1532 lestmorrt,
1497 1478 1524 1529 ct
1536 1486 1549 1524 a
1563 1470 1713 1547 potioribus
1726 1470 1831 1532 minora

185 1558 249 1631 pit:
269 1561 318 1616 sel
331 1560 426 1616 rideres
442 1575 473 1621 se
486 1561 569 1617 modo
582 1559 680 1632 (more)
694 1559 811 1630 peccatis
821 1556 984 1631 (pecorinis)
1040 1576 1093 1618 non
1108 1560 1271 1632 discrepent.
1286 1559 1326 1615 lid
1340 1559 1496 1630 quodcum
1510 1576 1553 1615 me
1565 1561 1674 1619 dilectio
1686 1568 1733 1625 tus
1743 1560 1832 1617 Cirris·

185 1650 290 1707 Aurelii
302 1648 422 1707 Eulalius
435 1666 451 1705 a
466 1649 596 1707 Romanae
605 1649 932 1709 Ecctmaeconnnnionc
942 1665 986 1707 se·
1037 1653 1119 1709 tianec
1143 1653 1233 1709 studio
1249 1653 1371 1709 caritatis
1394 1653 1531 1719 hertatnr,
1553 1654 1634 1710 debet
1651 1653 1722 1721 nond
1737 1654 1832 1711 inritat

184 1751 339 1814 matum,
351 1741 496 1799 humilians
505 1742 663 1811 recognovit
673 1757 703 1799 se
717 1740 879 1825 (peccasse),
892 1758 985 1814 pacem
1038 1744 1135 1815 sequi,
1161 1751 1190 1799 ct
1203 1742 1275 1813 qnod
1289 1741 1433 1798 amandum
1446 1742 1541 1798 suadet
1560 1743 1698 1813 amplecti.
1708 1741 1832 1809 Similae

183 1842 217 1890 et
229 1833 448 1890 communionem
463 1832 592 1893 bonone
601 1831 728 1890 Ecclesiae
742 1841 848 1903 petens,
869 1834 987 1893 subseri·
1003 1836 1114 1913 Benim
1134 1834 1191 1905 lam
1214 1833 1276 1890 lidei
1290 1849 1383 1890 curam
1402 1842 1541 1904 gerentes,
1555 1849 1604 1905 per
1614 1834 1768 1904 religiosam
1782 1849 1833 1905 ps·

183 1920 279 1984 beudo
292 1938 346 1983 una
368 1938 430 1980 cum
451 1922 563 1993 collegis
583 1923 654 1995 suis,
678 1922 817 1982 damnarit
839 1923 988 1994 apostoliea
1037 1927 1181 1997 dentiam,
1198 1942 1248 1997 par
1260 1927 1342 1983 etiam
1355 1926 1495 2003 premium
1510 1926 1544 1982 de
1557 1925 1622 1985 boni
1640 1925 1731 1998 operis
1744 1914 1833 1997 spere

185 2014 462 2076 anctoritatenmnes
480 2014 630 2085 scripturos
642 2027 703 2084 eure
714 2014 844 2071 adversos
858 2013 989 2074 bonane
1038 2032 1099 2076 nur
1122 2018 1231 2081 allecto.
1255 2017 1347 2091 Neque
1360 2019 1433 2074 enim
1457 2016 1657 2076 difficultatibus
1674 2027 1718 2075 est
1735 2017 1833 2075 ceden-

185 2103 321 2165 Ecclcsirc
333 2104 473 2176 privilegio
485 2104 563 2160 lacte
577 2118 687 2176 quoquo
701 2103 809 2174 ingenio
822 2103 941 2161 luerunt.
1038 2111 1114 2166 dum.
1126 2111 1185 2167 Nou
1199 2114 1271 2168 enim
1286 2109 1411 2180 tangatur
1423 2110 1527 2181 asperis
1541 2108 1622 2177 tides,
1638 2124 1689 2166 nec
1702 2108 1832 2167 odcoelo·

263 2268 267 2274 ¹
349 2192 540 2252 ΕΧΕΜΡΙΛΒ
553 2195 562 2215 ‘
573 2191 715 2257 PRECUM
730 2191 828 2260 FJUS·
1039 2218 1099 2257 rum
1114 2201 1197 2258 ardua
1213 2216 1263 2272 pcr
1283 2201 1403 2272 proclino
1422 2201 1550 2268 tenditur,
1568 2215 1620 2264 nec
1637 2202 1834 2257 remuneratio·

274 2308 276 2311 ·
339 2303 376 2351 ΕΙ
390 2301 536 2345 ereremum
558 2288 689 2347 ιιιιιυιιτι
709 2301 843 2342 euticius·
914 2306 919 2313 ·
1039 2311 1101 2351 nerrr
1122 2286 1191 2351 citra
1204 2288 1306 2352 laboris
1317 2294 1476 2355 exercitium
1490 2293 1551 2365 quis
1564 2298 1694 2353 uteretur.
1709 2291 1785 2349 Unde
1798 2308 1834 2351 no

225 2387 240 2418 ⁸
255 2378 342 2434 Primo
356 2377 482 2434 selusesl
506 2375 792 2449 recioelideiressuluut
805 2377 940 2435 costouire
960 2384 988 2433 ot
1039 2385 1167 2443 iacientes
1188 2380 1262 2448 bona
1290 2383 1454 2450 deficiamus,
1480 2384 1634 2456 specialiter
1657 2383 1835 2440 admonemur

183 2488 206 2533 a
218 2472 372 2532 consuturis
387 2472 495 2529 latrum
509 2471 664 2551 orruptcnus
675 2470 803 2529 deviare:
820 2470 919 2541 ettoir
933 2486 988 2529 non
1023 2465 1121 2535 'etium
1141 2485 1259 2537 rennos
1275 2477 1435 2535 eratntsra:
1458 2476 1531 2535 mad
1544 2479 1588 2553 qut
1602 2476 1750 2533 mersurum
1757 2474 1835 2555 junt-

187 2572 280 2637 poi&
292 2562 399 2621 D⁰ssii¹¹i
413 2563 500 2621 {tostii
527 2561 591 2618 ³08⁰
615 2557 715 2629 Chiss'i
739 2561 908 2633 praetermitti
923 2576 986 2621 sett-
1037 2570 1118 2638 cium,
1128 2579 1153 2624 et
1162 2570 1263 2640 sedunt
1270 2569 1401 2639 justitient
1410 2570 1438 2623 in
1449 2570 1639 2639 omnitempore
1646 2565 1759 2641 (Proin.
1770 2567 1831 2635 cs);

185 2656 295 2722 ίθῐῑῑῑιι
311 2654 426 2710 dicentii
438 2672 446 2710 ἓ
460 2653 498 2709 Tu
513 2670 541 2710 2⁸
556 2653 668 2721 Pam·
682 2661 707 2710 ιι
720 2669 797 2724 ΝΜ
806 2652 874 2707 lim
887 2662 987 2724 eelim
1039 2663 1101 2733 quia
1112 2677 1167 2719 uon
1173 2662 1278 2731 initium
1286 2661 1387 2735 laboris
1400 2660 1644 2721 remuneiationem
1653 2658 1756 2729 proemii
1768 2672 1834 2713 oon.-

183 2747 326 2821 mdificobo
339 2744 585 2830 Ecdeoiornreenm
599 2744 708 2819 (unere.
728 2742 796 2817 ινι).·
809 2738 841 2799 Et
855 2745 912 2802 hee
926 2761 987 2818 gum
1038 2754 1127 2829 suerit
1139 2753 1277 2822 inuenire,
1298 2750 1346 2808 scd
1361 2750 1500 2831 terminus.
1517 2749 1586 2821 Ergo
1601 2748 1720 2811 studium
1732 2750 1834 2808 solliei-

185 2836 261 2896 dicta
276 2846 340 2903 itini
353 2853 446 2894 rerum
459 2836 613 2919 probantur·
622 2835 783 2904 effetlibuir
798 2836 861 2911 (ιιιῑ3
881 2836 909 2892 ὶῦ
923 2836 988 2893 sede
1036 2845 1139 2901 tudinis
1153 2830 1339 2919 assumentes,
1363 2844 1461 2914 quibos
1480 2852 1521 2900 est
1535 2858 1588 2906 upa
1602 2842 1629 2898 in
1644 2842 1835 2903 comnrmriune

184 2930 339 3001 spostolice
356 2937 437 2986 extra
449 2928 585 2989 maculam
600 2943 708 2999 semper
723 2936 768 2989 est
781 2929 916 2995 catbolica
927 2918 987 2987 scr·-
1038 2935 1156 2993 sucietas
1169 2944 1197 2991 et
1210 2936 1374 3001 credulitas,
1384 2933 1613 3004 quemadmodum
1626 2933 1661 2991 de
1674 2933 1776 2990 unitate
1789 2949 1835 2989 se·

173 3028 253 3077 -rata
265 3020 372 3090 religio.
388 3020 427 3077 De
441 3035 495 3091 eon
509 3034 558 3092 spo
571 3028 600 3076 et
618 3019 671 3077 ilde
683 3019 794 3079 udnime
804 3020 924 3094 separari
938 3034 987 3077 cun
1039 3027 1080 3085 dis
1094 3027 1249 3099 apostolice
1261 3035 1290 3084 et
1299 3026 1608 3099 cornurnmopomann
1622 3024 1749 3082 Ecctcnae
1761 3025 1835 3101 pari·

185 3112 307 3185 Pieliles,
318 3120 347 3168 el
361 3111 472 3170 Pteleum
483 3119 631 3183 sequentes
641 3109 799 3178 constitutit,
811 3111 989 3168 anathemati·
1041 3128 1082 3177 ier
1096 3120 1298 3190 gxguliumgssip
1313 3119 1438 3186 Domino,
1454 3118 1492 3177 iga
1506 3117 1713 3188 dereliqueram
1726 3131 1835 3189 quoque

186 3204 388 3262 umnsomues
410 3206 456 3281 gd
471 3212 697 3266 bontrassuctem
708 3202 987 3275 Romanametepos·
1042 3210 1124 3285 (sicut
1137 3209 1279 3268 affectione
1299 3210 1439 3283 admones)
1452 3209 1680 3280 redintegratione
1695 3208 1833 3270 letemur,

185 3294 299 3351 nouum
309 3292 456 3353 Eecieiom
471 3294 653 3366 superbiendo
662 3295 841 3363 suaserunt
850 3294 986 3367 oentces;
1040 3284 1792 3375 eternorumpradtnniprreprmnn'nrentepnnnr
1806 3315 1833 3352 c.

185 3394 337 3459 macutes
352 3386 380 3443 in
394 3386 520 3447 ommes
533 3387 711 3458 apostolicam
724 3385 834 3451 meon,
849 3395 877 3443 et
890 3386 989 3458 praedi‘
1038 3393 1121 3468 lust.)
1132 3432 1142 3461 ,
1154 3402 1184 3451 ut
1196 3394 1276 3450 tidem
1297 3392 1533 3463 integritatemque
1545 3400 1666 3452 nostram
1677 3391 1835 3455 moncon-

186 3485 286 3536 crntes
300 3476 460 3548 oiusomnia
476 3478 641 3549 constituta,
655 3487 683 3534 et
692 3493 742 3555 per
755 3479 846 3557 omrda
857 3494 947 3552 spero,
959 3486 990 3536 ut
1041 3496 1095 3543 mm
1109 3488 1145 3543 ab
1156 3486 1231 3543 omni
1245 3485 1407 3555 contagione
1421 3497 1569 3543 serucmus.
1588 3481 1664 3538 Nosti
1677 3482 1751 3544 cuim
1762 3520 1770 3546 ,
1783 3480 1835 3538 lea⁴

186 3569 218 3628 bt
232 3585 287 3626 utta
302 3569 493 3631 communione
506 3569 646 3626 nobiscum
658 3615 665 3639 ‚
679 3584 760 3640 quant
779 3571 858 3629 sedes
872 3580 986 3642 aposto·
1035 3566 1083 3633 ter
1100 3576 1242 3633 carissime
1255 3591 1287 3632 ac
1301 3575 1480 3636 sanctissime,
1496 3573 1558 3645 qnia
1578 3571 1761 3631 ecclesiastica
1775 3588 1835 3629 ser·

186 3658 242 3719 lico
257 3659 397 3733 predicat,
408 3675 469 3732 esse
482 3675 598 3727 merear,
609 3660 635 3717 in
647 3670 752 3728 urerent
766 3661 870 3732 integra
884 3670 912 3717 et
926 3676 989 3717 rora
1039 3676 1105 3723 rant
1118 3665 1224 3723 emcotn
1245 3663 1436 3733 corcordiam,
1450 3667 1511 3735 qud
1524 3677 1575 3717 nos
1592 3663 1626 3717 ab
1647 3661 1834 3723 hereticomnr

186 3750 350 3809 Christiane
363 3748 505 3823 religionis
511 3759 542 3808 ct
551 3751 672 3823 porrecta
686 3749 819 3817 soliditas,
827 3739 989 3824 premittens
1040 3763 1147 3811 tueatur
1159 3753 1273 3821 insidiis,
1284 3768 1425 3826 perignem
1439 3752 1520 3809 etiarir
1534 3736 1670 3809 mnonum
1682 3751 1836 3811 custoditur

187 3844 603 3914 momentosacommuuionc
613 3842 747 3902 Ecclesiae
754 3844 905 3911 eubolum,
914 3844 939 3900 id
947 3853 990 3901 est
1040 3844 1181 3915 integritas
1193 3842 1377 3919 indecorius),
1400 3843 1449 3900 llis
1468 3844 1494 3899 in
1512 3841 1612 3897 robore
1626 3857 1676 3904 suo
1695 3843 1769 3897 omrri
1782 3843 1835 3898 cir·

186 3951 247 3993 non
261 3936 527 4014 consentientessedi
539 3937 812 4008 supercrescentem
826 3938 989 4000 nominain-
1039 3935 1242 4007 cumspectione
1266 3934 1404 4002 seruatis,
1427 3933 1546 3991 remedia
1569 3940 1723 4004 sperantur.
1749 3932 1837 3991 llsbet

187 4034 323 4083 tersacro
344 4041 401 4087 non
421 4025 560 4085 reddenda
580 4042 643 4084 esse
667 4027 805 4100 mysteria.
826 4024 904 4095 Quod
918 4027 940 4083 si
960 4028 989 4087 in
1037 4028 1113 4087 enim
1135 4026 1380 4085 ecclesiasticarum
1403 4027 1473 4084 ordo
1503 4025 1675 4096 regularum,
1700 4036 1729 4081 ct
1752 4027 1837 4098 ipsius

187 4116 282 4189 dequo
295 4116 491 4188 speeiessionc
505 4132 566 4174 mes
580 4116 690 4177 desiere
700 4125 854 4183 tenerem,
865 4116 907 4176 bis
920 4133 990 4189 quos
1040 4119 1126 4175 iorma
1146 4117 1276 4190 justitie,
1292 4127 1323 4176 ut
1341 4119 1474 4176 medicina
1495 4117 1662 4177 rationabilis
1680 4118 1794 4189 benigne
1809 4127 1848 4183 ot¹

189 4207 319 4263 damnari
329 4209 489 4281 complicem
502 4222 564 4268 mea
576 4208 710 4265 sententia
721 4223 835 4266 necesse
846 4206 987 4280 proliteor.
1040 4208 1156 4265 lideiiter
1166 4210 1339 4280 sperantibus
1356 4225 1409 4266 non
1424 4219 1554 4280 negetur.
1570 4224 1621 4269 nec
1635 4210 1777 4280 urrisqnam
1795 4217 1836 4265 est

187 4297 269 4360 lianc
291 4299 594 4370 autemproiessioncm
616 4314 706 4359 meam
733 4314 815 4356 manu
841 4314 901 4356 mea
925 4300 990 4371 sub·
1041 4300 1077 4356 ita
1093 4301 1127 4359 ab
1141 4301 1311 4371 humanitate
1321 4302 1467 4368 discretus,
1482 4318 1564 4373 quem
1577 4301 1766 4371 nnnnrigore
1780 4301 1836 4356 dis-

187 4391 304 4462 scripsi,
332 4400 361 4448 et
388 4389 529 4449 bonitaeto
553 4389 739 4465 (llormisdsm
763 4390 843 4446 habet
870 4388 988 4460 tibertus>
1039 4391 1174 4448 trictinnis
1198 4392 1310 4448 inclinet
1337 4403 1416 4451 cama
1442 4394 1611 4467 simplicitas,
1632 4392 1688 4450 Sed
1707 4401 1738 4450 ιιι
1757 4403 1837 4450 caute

188 4495 287 4543 uncto
299 4494 329 4543 et
342 4485 491 4547 rcerembiii
505 4500 582 4557 pnpre
592 4483 667 4541 urbis
685 4483 780 4539 liomm
789 4483 894 4552 direxi,
909 4480 988 4537 darer·
1040 4480 1113 4551 boc,
1128 4490 1294 4551 ceterasque
1309 4483 1434 4553 querelas
1456 4492 1503 4539 ant
1516 4499 1624 4539 errores
1650 4484 1764 4555 alicujus
1786 4485 1836 4540 acri
1943 4492 1948 4495 ’

187 4593 260 4637 naurs
273 4585 303 4633 et
316 4586 505 4641 antecessores
518 4586 546 4634 et
559 4590 729 4635 successores
743 4591 819 4635 nteos
830 4614 839 4639 ,
849 4583 880 4636 et
893 4590 988 4634 orrmes
1040 4572 1101 4645 (rei)
1116 4571 1207 4628 raicas
1222 4572 1369 4645 expedire,
1385 4574 1558 4630 dilectissime
1574 4574 1657 4629 irater
1668 4613 1676 4639 ,
1687 4588 1834 4643 personam

185 4670 237 4745 qui
252 4668 282 4725 S.
297 4668 427 4728 Romane
439 4675 468 4731 et
480 4664 914 4739 apostolietelieulesisepririiegia
925 4678 986 4720 css·
1003 4625 1128 4718 Dorcam
1142 4672 1170 4720 te
1184 4665 1210 4719 in
1224 4663 1278 4720 boc
1289 4673 1398 4734 oportet
1413 4666 1535 4730 induere,
1552 4665 1683 4720 scientem
1698 4664 1725 4718 in
1741 4660 1838 4731 burins·

188 4765 253 4819 sa'rc
269 4761 402 4817 nituntur.
420 4759 492 4821 ilinc
506 4760 577 4816 enim
591 4765 716 4830 supernae
730 4756 923 4819 misericordie
934 4754 986 4813 dn-
1039 4753 1112 4810 modi
1123 4755 1212 4811 causis
1222 4754 1307 4826 (sicut
1320 4755 1477 4826 predictum
1488 4754 1540 4827 ιιι)
1553 4755 1616 4826 qrrid
1627 4752 1777 4810 canendum
1791 4754 1839 4821 sit,

185 4860 347 4911 contentum
359 4852 521 4923 perdocetur
535 4850 698 4924 (llorrdrdae
709 4866 750 4920 ep.
767 4847 812 4916 80,
823 4856 875 4903 ιιιι.
887 4846 915 4915 5,
928 4864 988 4903 con·
1039 4852 1067 4901 et
1080 4845 1117 4900 ita
1131 4845 1222 4903 omnia
1242 4844 1458 4916 prendendum,
1477 4854 1531 4901 uta
1546 4853 1571 4900 te
1590 4860 1643 4899 non
1660 4844 1780 4916 ambigas
1794 4861 1839 4900 ra·

186 4945 245 5003 eiiii
264 4940 319 5007 ΒΡ,
341 4944 388 4998 orb
403 4941 532 5017 Henna),
545 4943 654 5013 quando
668 4950 697 5001 et
710 4941 837 4998 mundani
852 4941 987 5013 principes
1039 4937 1140 4993 tionem
1149 4935 1359 5008 dispensationis
1373 4936 1453 5007 nujus
1468 4936 1524 4992 beo
1538 4951 1598 4991 esse
1609 4934 1784 5003 reddendam,
1800 4937 1836 4991 ita

185 5051 287 5092 causas
299 5033 360 5089 iidel
381 5050 442 5092 cum
454 5034 612 5107 reipublice
623 5033 795 5091 ordinatione
808 5033 984 5104 conjungunt,
1039 5038 1130 5087 tamen
1143 5041 1174 5086 ut
1194 5045 1243 5086 eos
1255 5030 1301 5100 geri
1317 5030 1395 5086 uobis
1407 5029 1505 5084 iucriut
1514 5028 1704 5087 commemione
1724 5026 1833 5088 sociati,

189 5135 218 5182 et
240 5125 424 5187 Ecclesiarmu
447 5127 587 5198 praesentes,
613 5124 686 5197 uuor
707 5125 741 5180 ad
759 5125 988 5198 dispensationem
1040 5122 1083 5179 vel
1097 5138 1146 5192 per
1158 5139 1207 5177 ros
1227 5121 1284 5177 sedi
1303 5120 1460 5190 apostolice
1479 5127 1568 5175 nestra
1583 5118 1775 5190 nobisscripto
1790 5116 1835 5173 de·

188 5233 268 5275 snam
280 5218 407 5289 pertinet,
422 5216 505 5276 oiiicii
519 5230 655 5273 memores
669 5224 862 5287 exsequontur.
878 5211 989 5272 Talibus
1039 5215 1163 5279 clarent,
1179 5214 1275 5285 quibus
1289 5212 1370 5267 etiam
1384 5220 1412 5267 et
1429 5224 1509 5281 qrram
1523 5210 1718 5267 continentiam
1733 5208 1836 5264 libello·

189 5310 265 5368 eninr
278 5309 418 5379 indigebat
431 5318 495 5382 post
508 5308 649 5369 discordie
663 5304 796 5379 procellas
808 5292 903 5378 religio
912 5307 990 5365 curi·
1040 5321 1101 5368 rurn
1116 5305 1264 5362 obtulerint
1280 5302 1456 5375 (continentia
1472 5303 1623 5387 libellorum
1642 5317 1711 5372 quos
1730 5299 1835 5356 obtule·

226 5432 240 5460 ⁸
255 5418 350 5481 Primo
360 5421 447 5494 mins]
461 5420 525 5479 ilaec
537 5420 669 5494 professio
684 5418 745 5477 lrdei
755 5418 851 5481 destini
864 5435 989 5481 essenon
1042 5418 1115 5488 noted
1129 5418 1192 5474 data
1214 5418 1347 5473 habeatur
1361 5417 1411 5473 snb
1427 5418 1568 5477 consrrlatn
1589 5415 1733 5471 iustiniani
1747 5415 1838 5481 tertio,

190 5500 292 5562 potest,
317 5507 379 5547 cum
400 5493 423 5548 is
440 5502 557 5561 quatuor
571 5493 649 5546 annis
663 5499 727 5546 ante
738 5499 847 5565 tenipus
866 5490 944 5551 edite
957 5504 991 5546 ec
1044 5504 1106 5544 cum
1126 5488 1183 5558 iam
1207 5505 1261 5543 non
1276 5489 1390 5559 amplius
1404 5488 1568 5555 liorriincius,
1590 5485 1639 5541 sed
1654 5484 1771 5541 ioannes
1785 5483 1827 5538 lin

190 5563 263 5617 darre
276 5561 358 5631 bnjrrs
372 5562 548 5632 prolbsslnnis
568 5563 675 5623 obierit.
699 5561 842 5623 iustiniani
864 5576 924 5615 esse
939 5578 988 5616 ne-
1044 5572 1131 5614 msnce
1145 5558 1272 5615 Ecclesire
1292 5560 1460 5629 presideret.
1487 5557 1552 5613 llaec
1573 5556 1692 5628 prudens
1710 5556 1842 5613 collector

211 5633 262 5696 nit,
286 5641 342 5687 rum
364 5633 436 5701 quod
450 5649 483 5688 er
506 5633 619 5703 epistula
633 5631 783 5691 llnrmisdm
807 5626 941 5717 pordiieis
955 5631 990 5687 nd
1044 5627 1221 5698 epistolarum
1232 5629 1431 5701 pontiliciarmn
1446 5629 1588 5697 diligenter
1598 5627 1784 5687 considerans,
1795 5640 1853 5680 ιιι·Δ

190 5647 382 5774 deportarem
404 5705 556 5785 episcopos,
580 5711 608 5759 et
629 5718 661 5757 ex
675 5701 990 5765 inormisbonstantirm-
1044 5699 1213 5768 spectumde
1227 5701 1385 5773 obreptione
1401 5700 1460 5753 ibici
1476 5699 1615 5771 decennium
1639 5697 1766 5768 explosit.
1787 5693 1839 5751 tu·

77 5818 87 5833 ,
190 5773 305 5843 politarti
320 5774 377 5841 epis
388 5774 451 5843 opi,
474 5771 567 5828 alsisse
581 5774 702 5843 pluribus
714 5774 797 5830 mista
817 5772 863 5839 sit,
878 5760 946 5826 adeo
962 5781 990 5826 nt
1044 5768 1593 5837 mensurnobiii,nnrn.5.Sse.limem.

192 5846 277 5905 teuto
286 5844 395 5921 quidem
405 5842 476 5899 neele
486 5852 613 5906 mutatus
624 5858 683 5902 esee
693 5844 828 5913 ridentor;
841 5851 897 5897 tum
908 5843 989 5896 etiam
1081 5842 1090 5858 ’
1104 5840 1269 5913 ΙΙιιιιιιοιιιι
1281 5856 1295 5899 ι
1307 5840 1410 5896 caliido·
1420 5848 1570 5894 veteratore
1582 5836 1705 5904 condeta
