4056 6356
154 328 158 335 ·
274 320 328 378 oss
791 317 821 374 s.
841 302 1023 393 nuperum
1041 313 1197 375 uersuum
1210 315 1398 375 nusmusrs
1862 296 2022 373 oso',

273 450 346 491 nura
358 431 459 498 stellas,
479 433 501 487 ii
517 431 847 504 praedilectissimum
871 431 997 486 etdimt:
1021 429 1067 487 Sic
1080 437 1107 495 Λ
1119 438 1150 486 ut
1159 430 1283 486 homines
1298 428 1492 501 justificentur,
1516 439 1545 485 et
1565 428 1636 487 bene
1659 428 1762 512 vivant,
1784 439 1812 486 et
1834 431 1916 488 vitam

273 527 324 582 crit
336 540 421 580 omen
434 533 516 579 tuom.
537 522 693 578 Etoredidit
705 521 838 583 divalium
849 521 915 589 Dm,
927 531 1069 595 etrepara-
1120 532 1250 581 artemam
1270 539 1319 596 pro
1343 531 1416 580 recte
1437 521 1514 579 laetis
1537 522 1681 593 accipiant.
1696 521 1760 578 ideo
1784 531 1876 579 autem
1889 534 1919 581 et

273 627 328 673 tom
340 625 380 671 est
392 616 416 670 ei
430 615 465 669 od
473 614 604 685 justitiam
615 612 721 684 (Gener.
738 629 785 682 xv,
801 603 839 686 5).
856 613 895 671 lle
912 614 954 675 iris
967 614 1069 671 dieitur
1121 615 1179 687 ipsa
1189 615 1245 670 viu
1254 622 1365 681 aeterna,
1375 612 1461 682 praua
1471 611 1519 668 uei
1532 613 1567 669 alt
1577 612 1709 684 Apostolo
1719 612 1817 668 dicitur
1827 612 1915 686 (Rom.

272 706 377 765 Danieli
391 705 551 777 prophetae:
572 703 608 758 Et
621 706 648 758 ln
664 714 778 775 ternpore
790 706 838 761 iilo
852 707 937 763 seium
956 708 1006 762 crit
1020 724 1069 777 po·
1121 724 1158 774 vr,
1173 705 1232 777 25),
1247 706 1310 778 quia
1331 705 1416 775 gratis
1430 704 1585 761 hominibus
1599 704 1654 759 vila
1677 703 1749 760 bona
1764 703 1857 770 datur,
1873 705 1920 762 cui

271 800 418 873 palustrem
433 795 517 851 omnis
531 795 574 867 poi
586 794 731 851 inservierim
745 796 857 868 scriptur
867 798 894 852 in
905 796 972 853 libro
984 788 1068 868 (Dan.
1119 799 1192 870 iuste
1204 797 1261 854 vite
1280 806 1382 854 aeterna
1395 797 1535 854 reddatur.
1559 795 1725 868 Praeparavit
1742 805 1829 852 autern
1844 796 1920 853 Reus

155 912 161 969 3
249 906 321 956 ·.xrr,
337 887 375 958 l).
391 885 461 957 lpsis
483 885 577 955 utique
601 882 727 940 Salvator
745 896 838 942 noster
856 887 913 942 ait:
940 886 1068 952 Gaudete,
1123 890 1205 948 otiam
1221 889 1299 945 malis
1313 889 1402 959 ignem
1417 894 1567 967 niernum-7
1584 887 1638 944 illis
1656 886 1750 960 utique
1764 888 1921 958 quosiuste

156 1018 162 1031 .
272 979 549 1053 quiouomioooestro
563 978 661 1049 scripto
673 977 771 1033 motin
785 980 857 1035 celis
873 978 990 1050 (ducx,
1005 981 1063 1052 20).
1123 978 1446 1054 preparavitadluends
1467 977 1608 1049 supplicia,
1634 992 1685 1034 nee
1705 986 1795 1034 tamen
1812 979 1917 1049 praede-

260 1071 312 1128 ue.
325 1069 369 1126 iris
382 1070 410 1125 in
424 1069 494 1126 libro
508 1070 595 1126 sancti
606 1068 728 1128 Danielis
740 1070 857 1128 dicitur:
879 1070 931 1137 Qui
944 1072 980 1127 od
989 1072 1070 1144 justi·
1123 1072 1235 1129 stinavit
1254 1070 1289 1127 ad
1312 1070 1435 1127 iacienda
1458 1076 1579 1142 peccata.
1612 1067 1818 1126 Prodestiuavit
1843 1070 1917 1125 enim

272 1164 338 1229 tione
351 1162 475 1219 crudiunt
488 1163 594 1229 nraitoa,
609 1163 746 1247 stripeium
759 1164 834 1237 puori
847 1163 930 1220 stelle
941 1165 968 1219 lo
978 1182 1072 1235 perpe·
1122 1168 1194 1225 Deus
1204 1165 1276 1236 quod
1286 1165 1381 1221 divina
1387 1164 1501 1234 aequitas
1514 1163 1650 1231 redderet,
1666 1179 1720 1219 nou
1731 1161 1804 1233 quod
1815 1162 1917 1233 iniqui·

272 1265 330 1313 tem
346 1257 504 1329 eternitates
519 1254 602 1326 (Dan.
616 1271 664 1323 su,
679 1256 718 1327 5).
735 1255 782 1313 lsti
795 1257 954 1328 spiritaliter
968 1257 1070 1313 intelli·
1123 1268 1165 1317 tas
1179 1259 1298 1315 hirmana
1320 1257 1485 1314 admitteret.
1501 1254 1708 1315 Prredestloauit
1730 1272 1795 1327 ergo
1815 1256 1920 1312 homini

163 1404 169 1415 ,
272 1355 375 1420 guntur
398 1348 425 1403 in
439 1346 544 1418 psalmo
561 1346 718 1403 ubidicitur
735 1346 769 1402 de
783 1347 860 1405 ileo:
886 1346 937 1413 Qui
952 1357 1071 1403 nemost
1122 1365 1171 1407 reo
1186 1364 1239 1406 non
1254 1348 1361 1420 culpam
1375 1362 1457 1419 quarn
1471 1347 1538 1414 odit,
1561 1347 1609 1403 sed
1620 1347 1750 1417 judicium
1763 1346 1837 1417 quod
1858 1346 1920 1402 dili-

272 1440 466 1498 omititodiccm
483 1439 629 1507 stellarem,
646 1447 672 1494 et
689 1438 807 1494 omuibus
822 1440 860 1494 cia
878 1440 986 1495 isenrico
997 1449 1072 1495 cocat
1122 1443 1172 1514 git.
1188 1442 1324 1514 Scriptum
1338 1449 1381 1499 est
1394 1441 1466 1498 enim
1484 1441 1548 1514 quia
1566 1441 1653 1514 dilipit
1669 1440 1875 1497 inisericordiam
1894 1452 1920 1497 ct

273 1532 361 1604 (Psai.
378 1546 467 1598 otum,
483 1529 521 1602 l).
537 1528 656 1599 Proinde
670 1529 716 1601 qui
730 1537 856 1613 numerat
869 1529 1071 1588 multitudinem
1118 1532 1249 1607 jadiciam
1259 1531 1346 1604 (Psoi.
1358 1547 1442 1597 surr,
1455 1528 1483 1604 iii
1494 1531 1633 1588 Dominus.
1650 1530 1685 1586 Et
1694 1530 1755 1587 ideo
1766 1545 1821 1586 uon
1830 1529 1920 1586 solum

273 1627 415 1685 stellarum
430 1640 484 1682 non
498 1631 590 1697 potest
605 1637 715 1707 surorum
730 1621 857 1693 tenonis
876 1638 1018 1680 nnmerum
1036 1622 1071 1676 il-
1121 1625 1263 1696 originale,
1289 1640 1383 1682 verum
1403 1626 1484 1682 etiam
1507 1640 1588 1681 omae
1609 1625 1715 1680 actuale
1735 1631 1876 1695 peccatum
1891 1624 1920 1678 in

273 1719 383 1782 liorum.
1121 1716 1199 1773 malis
1213 1718 1356 1789 puniturus
1374 1724 1418 1773 est
1431 1716 1523 1783 licus,
1547 1717 1612 1788 quia
1627 1717 1705 1773 malis
1719 1716 1848 1788 operibns
1867 1731 1918 1773 nec

283 1844 286 1853 ν
309 1810 375 1869 Car.
389 1827 417 1866 v.
427 1842 465 1854 -
478 1809 504 1866 i.
518 1807 560 1865 illi
573 1822 639 1880 ergo
652 1822 765 1865 numero
777 1822 828 1865 neo
841 1807 939 1879 aliquis
949 1806 1069 1887 additur.
1086 1808 1226 1882 sspraelvet
1239 1807 1355 1874 initium,
1376 1822 1428 1864 neo
1446 1806 1557 1865 adhibet
1577 1806 1722 1879 aliquando
1744 1822 1918 1864 consensum.

153 1930 159 1937 s
274 1922 326 1964 neo
336 1904 434 1977 aliquis
446 1903 565 1961 demitur
578 1911 612 1970 ⁸3
627 1902 690 1973 quia
700 1900 773 1959 idem
784 1917 915 1958 nummus
924 1900 1073 1958 secundum
1125 1900 1195 1957 llala
1209 1900 1301 1971 itaque
1323 1914 1406 1971 opera
1418 1915 1475 1957 non
1489 1900 1599 1972 placent
1612 1899 1679 1965 lieo,
1704 1900 1768 1971 quia
1782 1917 1837 1956 nou
1856 1907 1920 1957 sunt

273 1997 444 2072 propositum
459 1995 508 2051 lici
529 1996 745 2067 praedestinantis
761 1994 898 2065 impletur.
915 1994 983 2051 Nam
1008 1994 1074 2065 quia
1124 1992 1159 2049 ab
1169 2007 1213 2048 eo.
1229 1990 1295 2046 llam
1306 1990 1329 2048 sl
1341 1990 1375 2046 alr
1391 1993 1451 2063 ipso
1465 1999 1567 2058 essem,
1581 1992 1654 2047 mala
1667 2008 1721 2048 non
1734 2001 1836 2049 essent.
1849 1991 1919 2048 Pro·

60 2127 64 2136 -
154 2106 164 2155 ·,
275 2088 426 2148 meandum
446 2088 615 2159 propositum
629 2086 776 2147 votnnmts
798 2101 854 2143 suae
877 2084 950 2142 Deus
963 2094 1073 2142 sanctos
1125 2087 1188 2144 inde
1202 2087 1273 2143 bona
1287 2102 1372 2158 opera
1384 2102 1445 2158 qum
1460 2089 1532 2145 Deus
1544 2088 1755 2145 misericorditer
1768 2090 1862 2158 donat,
1872 2089 1919 2159 iu·
2021 2134 2022 2137 ,

147 2194 173 2249 ς
276 2198 342 2240 suos
356 2178 614 2253 praedestinaliter
633 2177 827 2249 quoscriptum
841 2186 894 2265 est,
909 2178 972 2249 quia
985 2179 1074 2233 omnia
1124 2187 1313 2247 stecoronat;
1334 2195 1418 2252 opera
1433 2195 1570 2251 veroque
1584 2181 1642 2252 ipse
1656 2197 1710 2237 non
1725 2182 1828 2247 tribuit,
1847 2182 1922 2252 juste
2021 2254 2022 2257 Ἴ

165 2302 172 2325 s
275 2291 434 2351 quocunque
445 2274 535 2339 soluit,
548 2273 609 2345 [ecit
624 2271 712 2343 (Psoi.
728 2286 802 2337 cxrrr,
817 2269 864 2342 d);
880 2270 917 2325 ita
930 2284 1011 2326 nenio
1024 2285 1074 2342 po·
1125 2271 1202 2342 punit
1214 2288 1221 2324 :
1234 2270 1262 2325 in
1273 2270 1332 2328 istis
1344 2278 1492 2327 coronatur
1501 2270 1591 2326 divina
1605 2272 1723 2340 largitio,
1744 2272 1772 2326 in
1794 2272 1848 2327 iilis
1868 2265 1920 2327 au:

275 2365 403 2436 testejis
416 2372 522 2421 mutare
534 2361 820 2434 praedestinationem,
834 2360 904 2417 sicut
917 2360 1007 2416 nullos
1021 2376 1073 2431 po·
1125 2370 1182 2417 tem
1203 2361 1348 2418 damnatur
1361 2362 1478 2417 humana
1503 2362 1692 2434 transgressio.
1719 2361 1807 2419 liomo
1828 2362 1922 2433 itaque

167 2444 168 2447 ¹
275 2467 331 2518 tcst
351 2456 411 2528 eius
424 2456 534 2512 rinecru
553 2453 730 2510 voluntatem.
753 2449 834 2519 Quod
847 2452 872 2507 si
886 2466 1014 2508 numerus
1028 2451 1074 2507 ille
1125 2453 1192 2512 iilud
1205 2454 1289 2510 habet
1301 2454 1446 2511 salubriter
1459 2454 1531 2525 quod
1556 2455 1692 2525 acceperit
1713 2470 1728 2509 a
1753 2454 1828 2522 Deo;
1853 2452 1921 2510 illud

145 2546 161 2599 »ς’
276 2556 369 2607 certus
381 2563 437 2603 non
452 2555 495 2602 est
506 2543 577 2615 apud
596 2543 695 2627 ileum
716 2550 764 2597 aut
777 2540 867 2597 divina
881 2541 996 2597 scicntia
1009 2540 1076 2597 lalli-
1125 2545 1278 2617 perniciose
1291 2545 1364 2618 quod
1378 2546 1505 2602 habuerit
1517 2561 1551 2602 ex
1567 2546 1668 2619 seipso.

276 2649 334 2710 tur,
348 2648 395 2696 aut
415 2639 541 2695 voluntas
560 2635 651 2691 divina
677 2643 807 2700 mutatur,
821 2641 869 2690 aut
882 2633 974 2690 divina
988 2634 1075 2690 virtus
1161 2639 1226 2694 Cur.
1241 2654 1279 2694 vr.
1293 2637 1369 2694 -s
1391 2635 1542 2699 Pessimum
1555 2644 1598 2693 est
1611 2644 1701 2694 auteur
1715 2637 1804 2695 dicere
1817 2638 1881 2709 quia
1895 2637 1923 2695 si
2021 2680 2022 2683 ,

154 2724 159 2739 ⁴
277 2732 442 2790 adversitate
458 2728 580 2800 qualibet
592 2733 746 2800 superatur.
767 2725 844 2794 Quod
864 2726 888 2782 si
905 2726 1005 2797 aliquid
1021 2726 1074 2782 lao-
1125 2737 1168 2787 est
1181 2728 1391 2800 praedestinatio,
1415 2727 1612 2785 nondebemus
1626 2742 1706 2784 orare
1719 2743 1770 2784 nco
1791 2727 1922 2797 vigilare,
1994 2730 2022 2801 s

153 2808 158 2843 ³
277 2823 402 2882 ramsoli
415 2828 530 2893 possunt
543 2819 619 2890 impii
632 2819 738 2885 dicere,
754 2826 802 2874 aut
821 2815 892 2874 lorte
912 2832 963 2874 neo
977 2818 1075 2888 impius
1126 2821 1175 2879 sed
1190 2819 1280 2878 lacero
1294 2835 1389 2878 omnes
1411 2818 1565 2877 voluntates
1586 2820 1687 2886 carnis,
1709 2835 1741 2877 eo
1763 2820 1836 2891 quod
1856 2820 1924 2890 iam

154 2967 160 2987 ‚
279 2913 379 2986 aliquis
393 2911 480 2969 audet
491 2911 588 2967 horum
602 2909 694 2973 dicere
706 2909 827 2981 aliquid.
854 2924 935 2965 nemo
956 2908 1075 2966 divinam
1126 2914 1553 2989 pmdesripaairoerimus,(1um
1579 2914 1924 2988 uuquoiltapntlaqrm
2021 2904 2022 2931 ¹

153 3020 159 3029 ·
279 3005 546 3081 praedestinationem
569 3010 668 3072 neget:
695 3002 913 3074 quandoquidem
940 3001 1011 3058 illius
1025 3001 1074 3058 Dei
1126 3008 1309 3064 nohisdivina
1322 3008 1560 3079 praedestinatione
1574 3006 1625 3064 luit
1638 3014 1801 3084 praeparata,
1816 3005 1853 3062 ad
1866 3006 1923 3064 hoc
2021 3058 2022 3067 ,

279 3098 484 3174 praedestinatio
497 3111 561 3153 vera
574 3110 686 3168 prorsus
699 3095 839 3159 asseritur,
861 3093 936 3164 cujus
949 3093 1076 3150 etscien·
1126 3098 1256 3155 divinitus
1269 3100 1348 3156 nobis
1359 3099 1438 3165 detur
1451 3107 1481 3156 ut
1493 3100 1635 3170 vigilemus
1648 3109 1677 3156 ct
1689 3114 1814 3168 oremus,
1828 3106 1856 3156 et
1871 3102 1922 3154 ric·
2021 3080 2022 3113 ³

154 3156 160 3231 ’-
280 3194 319 3252 tia
335 3189 589 3263 irreprehensibilis,
606 3196 634 3245 ct
653 3187 779 3244 noluntas
795 3185 1032 3251 incommutabilis,
1047 3194 1112 3266 etc
1126 3200 1154 3246 at
1167 3193 1196 3246 io
1210 3192 1252 3246 die
1265 3192 1373 3247 innecte
1392 3189 1560 3261 onichinus,
1576 3207 1628 3247 non
1647 3193 1675 3248 io
1689 3188 1922 3247 commotionibus

279 3287 365 3343 virtus
377 3281 564 3355 insuperabilis
586 3280 731 3335 invenitur.
752 3277 792 3333 sd
814 3278 884 3333 lianc
896 3274 1073 3348 pradestina·
1126 3289 1150 3336 et
1163 3281 1403 3347 ebdomadarum
1416 3283 1443 3337 in
1457 3280 1583 3339 calidius
1596 3292 1621 3339 et
1630 3282 1808 3354 impudicitiis,
1826 3299 1877 3338 noir
1892 3284 1921 3337 ic

278 3382 382 3438 tionem
395 3377 522 3451 pertinet,
536 3383 567 3461 et
579 3373 695 3444 gratuita
702 3370 861 3442 iustilicatio
872 3368 1072 3439 redemptoris,
1126 3376 1289 3432 contentione
1307 3384 1333 3430 et
1345 3376 1531 3441 emulationem
1551 3376 1597 3431 aed
1617 3375 1760 3432 induamur
1780 3375 1921 3432 timim

157 3486 161 3493 “
278 3474 389 3544 etiusta
402 3471 519 3528 redditio
534 3467 645 3525 iudicis.
667 3466 706 3522 Ad
721 3465 792 3522 hanc
806 3462 1074 3536 praedestinationem
1124 3466 1215 3523 lesam
1236 3466 1377 3533 Christum,
1403 3477 1428 3523 et
1448 3469 1534 3522 carnis
1557 3484 1648 3523 curum
1667 3484 1721 3524 ooo
1739 3466 1872 3524 iaciamus
1890 3467 1920 3522 irc

153 3592 159 3627 e
279 3566 399 3638 pertinet
417 3560 602 3620 misericordia
625 3574 707 3630 onam
734 3556 833 3614 Paulos
853 3564 1014 3613 consecutus
1033 3563 1075 3611 est
1126 3557 1260 3631 desideriis
1285 3557 1375 3631 (llum
1402 3574 1463 3624 rur,
1478 3558 1522 3624 ld,
1539 3558 1594 3630 ll).
1615 3558 1758 3628 Quomodo
1772 3560 1920 3616 enimlieri

156 3670 160 3687 ‘-
278 3664 309 3710 nt
330 3654 418 3718 tidelis
440 3664 511 3709 esset
526 3649 551 3709 ll
574 3649 635 3704 Cor.
653 3665 697 3715 vir,
712 3645 769 3705 25».
795 3657 823 3702 ct
837 3661 939 3702 corona
953 3645 1071 3734 jostitiae,
1125 3660 1217 3721 potest
1230 3659 1259 3707 ut
1270 3653 1383 3723 gratiam
1394 3653 1510 3723 quisque
1529 3653 1654 3724 accipiat,
1672 3662 1701 3710 et
1713 3669 1798 3724 opera
1811 3653 1918 3724 gratie,

177 3744 180 3749 ’
274 3761 360 3818 quam
375 3743 471 3799 reddet
484 3744 509 3797 ei
525 3741 654 3797 dondinus
665 3739 692 3794 in
703 3737 748 3794 illa
759 3737 802 3792 dic
810 3735 1003 3805 justusjudcx:
1019 3753 1073 3791 nori
1126 3744 1183 3814 ipsa
1198 3744 1284 3812 gratia
1298 3745 1326 3799 in
1336 3759 1366 3800 se
1377 3753 1518 3817 operante,
1536 3761 1589 3801 „011
1601 3746 1701 3802 iamai?
1714 3745 1807 3801 cratia
1819 3747 1922 3818 quippe

278 3842 364 3906 solum
380 3848 469 3893 autem
497 3835 591 3899 Paulo,
617 3834 666 3890 scd
691 3842 719 3888 ot
743 3832 867 3887 omnibus
890 3832 935 3900 qui
960 3830 1074 3898 diligunt
1126 3834 1322 3904 perspiritum
1335 3844 1459 3892 sanctum
1472 3836 1570 3904 datnr;
1591 3840 1690 3910 fructas
1704 3849 1791 3893 ostem
1804 3834 1922 3909 Spiritus

154 3962 158 3971 ·
275 3920 1073 3999 'advolutumejuslllliocrm8).·01itriesenirnqooslleus
1125 3935 1163 3978 est
1179 3928 1289 3991 corilus,
1305 3927 1438 3998 posidium,
1455 3943 1518 3997 poa,
1534 3915 1730 3999 immanissima,
1746 3928 1860 3993 soum,
1876 3931 1924 3983 ie·

159 4028 163 4035 '
279 4020 480 4093 predestinavit
499 4019 526 4072 in
541 4017 724 4085 adoptionem,
741 4015 823 4084 gratis
838 4015 882 4068 iric
895 4012 1074 4083 justilicamur
1125 4018 1250 4089 iripoleos,
1266 4018 1341 4089 fides,
1355 4018 1491 4085 modestia,
1504 4020 1664 4074 continentia
1675 4018 1745 4089 (Gal.
1762 4037 1789 4088 r,
1800 4020 1846 4083 ΞΩ,
1862 4020 1922 4090 ts).

156 4100 161 4166 ’.
279 4129 312 4169 er
326 4111 424 4183 impiis,
437 4108 500 4179 quia
515 4107 633 4162 Cirristos
646 4123 692 4176 pro
704 4106 790 4175 irripiic
804 4114 920 4160 inertum
933 4112 970 4160 est
982 4103 1071 4175 (dovre.
1125 4106 1191 4175 Quis
1211 4110 1291 4177 igitm
1312 4119 1423 4182 accepta
1436 4112 1522 4169 sancti
1536 4110 1652 4183 Spiritus
1672 4114 1757 4182 gratia
1778 4130 1835 4170 noo
1849 4124 1923 4180 oret,

152 4214 160 4277 ζ
277 4222 307 4273 v,
315 4202 409 4276 fimet,
422 4217 510 4256 omncs
521 4206 698 4271 presummat,
712 4205 818 4268 etcpeot
828 4197 912 4267 picria
926 4196 985 4260 Dei,
992 4198 1073 4267 justi-
1125 4214 1179 4255 noo
1204 4200 1305 4271 vigilet,
1329 4217 1383 4259 non
1411 4203 1637 4275 concupiscentiis
1660 4204 1813 4260 carnalibus
1836 4206 1927 4276 ipsius

277 4295 351 4367 ficati
361 4294 443 4367 pratia
455 4291 468 4332 ¹·
479 4290 736 4364 perpradomipsias
749 4287 839 4360 (llam
853 4304 892 4356 m,
901 4288 959 4358 25).
971 4287 1073 4355 Quibus
1124 4291 1252 4361 suffragio
1265 4292 1358 4363 gratie
1371 4304 1453 4365 atquo
1464 4294 1603 4364 innomine
1615 4296 1768 4367 repugneti
1781 4293 1853 4352 Cum
1865 4297 1927 4351 oti-

278 4389 349 4444 sicut
363 4400 411 4457 per
430 4381 642 4440 inisericordiam
656 4380 819 4453 praeparavit
831 4379 978 4450 gratuitmn
993 4379 1073 4449 justi·
1124 4400 1177 4453 que
1192 4384 1318 4444 Salvator
1335 4396 1428 4444 noster
1446 4387 1558 4457 vigilare
1576 4395 1604 4445 et
1621 4403 1702 4444 orare
1715 4402 1767 4444 nos
1780 4388 1930 4459 precipiat

279 4477 415 4534 dicationis
426 4475 538 4539 donum,
551 4475 589 4530 ita
603 4488 652 4544 per
669 4471 801 4542 justitiam
816 4472 1071 4544 preparavitaeter·
1125 4475 1402 4550 (Matrimonii),
1428 4479 1930 4552 ctlteatusPauiustesteturquin
2021 4524 2022 4531 ,

158 4624 160 4629 .
278 4587 320 4628 nm
332 4569 532 4642 justidcationis
547 4579 558 4607 ⁶
574 4567 725 4639 praemium.
746 4564 820 4637 Opus
834 4566 926 4635 itaque
938 4566 1032 4634 gratiae
1044 4566 1072 4621 in
1085 4583 1112 4643 Ι)
1123 4571 1166 4642 pal
1186 4579 1247 4625 mot
1260 4569 1357 4626 Christi
1369 4589 1475 4629 carrum
1489 4589 1564 4628 suoru
1578 4574 1762 4644 crucifixerant
1776 4589 1837 4629 cam
1851 4574 1932 4632 vitiis

278 4664 403 4721 omnibus
411 4660 610 4734 praedestinatis
622 4659 740 4729 gratuita
752 4657 938 4725 misericordia
963 4657 1073 4715 inclma-
1123 4671 1149 4715 et
1163 4662 1376 4734 concupiscentiis
1392 4662 1492 4735 (Galat.
1508 4681 1538 4729 v,
1553 4664 1610 4736 at).

278 4765 332 4823 tor,
347 4755 459 4825 etiusta
472 4751 650 4809 retributione
661 4749 810 4822 perficitur.
971 4786 972 4790 =
1161 4751 1205 4809 lli.
1221 4752 1481 4811 Taloestautemsi
1494 4756 1655 4826 quisdicat:
1671 4755 1935 4828 Sipracdestiuatus
2021 4784 2022 4799 ο

313 4847 340 4902 8.
361 4843 567 4902 praedestinavit
589 4858 655 4914 civo
676 4843 748 4899 licus
770 4850 881 4900 sanctos
900 4859 975 4911 suos,
998 4843 1073 4900 etad
1124 4852 1166 4902 est
1180 4844 1274 4914 imno,
1299 4860 1350 4903 nee
1363 4860 1443 4902 oraro
1464 4846 1558 4916 debet,
1583 4862 1635 4904 nec
1648 4847 1772 4918 vigilare,
1795 4849 1883 4919 quale
1906 4850 1937 4910 si

277 4939 393 5010 gratiam
417 4938 479 4993 vitae
505 4937 603 5001 boue,
625 4944 654 4992 ct
677 4936 712 4992 ad
732 4936 845 5006 gratiam
867 4937 930 4992 vitm
952 4946 1071 4993 aeternae.
1124 4933 1195 4991 dieat
1209 4934 1244 4991 ali
1257 4950 1290 4992 eo
1307 4936 1352 4993 cui
1371 4937 1427 4992 vita
1446 4935 1527 4994 luerit
1548 4937 1676 4996 divinitus
1695 4940 1832 5010 promissa
1857 4943 1939 5000 vitae
2021 4940 2022 4961 ¹

276 5025 524 5098 lGrotioerpollci
533 5028 587 5082 aito
593 5032 691 5081 eterna
701 5026 729 5080 io
739 5024 842 5084 Cltrlstc
851 5024 1072 5097 1385Jesvlle-
1123 5027 1241 5084 subsidia
1255 5027 1479 5099 conquerenda.
1498 5028 1566 5086 Nam
1579 5030 1694 5099 legium
1710 5028 1835 5087 &sellie
1847 5034 1939 5104 regis

277 5122 347 5177 mino
359 5127 458 5175 nostro.
469 5117 542 5188 Ergo
552 5116 726 5188 pergratiam
737 5115 786 5173 liei
794 5114 975 5185 justificantur
987 5117 1072 5201 impii,
1124 5122 1159 5177 ad
1173 5121 1255 5177 vitam
1270 5120 1423 5193 quindecim
1435 5136 1522 5179 annos
1535 5121 1609 5179 dono
1622 5121 1721 5179 divinae
1734 5124 1940 5187 miserationis

276 5222 317 5278 ut,
330 5212 496 5281 surrepentes
508 5209 676 5282 impietatem
689 5216 718 5265 et
727 5208 867 5266 secularia
875 5208 1018 5277 desideria,
1032 5225 1075 5268 so-
1124 5212 1245 5284 adjectos
1260 5212 1287 5285 (l
1294 5212 1315 5268 l'
1327 5212 1392 5287 llep.
1408 5230 1454 5282 xx,
1470 5213 1510 5286 6).
1525 5213 1595 5272 ilum
1608 5228 1674 5285 orgo
1685 5214 1779 5271 delinit
1788 5214 1940 5277 Ezechias

276 5306 346 5371 brie,
361 5302 483 5373 etiuste,
499 5301 692 5372 etpiovivaut
706 5301 1072 5374 iohoesaecu103ctut,ju-
1122 5306 1223 5371 dicere,
1247 5321 1297 5377 pro
1321 5306 1447 5377 eoquod
1466 5306 1538 5379 apud
1558 5322 1622 5363 enni
1640 5314 1716 5365 certa
1736 5315 1811 5365 esset
1827 5307 1942 5368 risina

276 5395 383 5453 stillcati
398 5395 484 5466 pratia
504 5392 598 5464 ipsius,
618 5392 741 5451 haeredes
760 5395 814 5451 sint
827 5394 975 5453 secundum
995 5412 1072 5468 spero
1123 5397 1277 5467 promissio,
1300 5406 1445 5470 propterea
1466 5399 1610 5457 sadebere
1622 5414 1674 5456 nec
1686 5398 1788 5468 cilium
1803 5414 1862 5457 nec
1879 5418 1945 5475 po·

277 5491 340 5544 vite
352 5484 747 5557 eternae.Praeparatan1oigo
765 5487 880 5556 gratiam
893 5487 977 5549 donat
989 5487 1069 5557 Deus,
1123 5497 1179 5545 tom
1191 5504 1309 5559 sumere,
1324 5492 1418 5547 necea
1429 5505 1489 5562 oue
1501 5491 1536 5550 ad
1548 5491 1770 5550 vitesubsidinm
1782 5492 1949 5563 pertinent

314 5701 327 5730 ⁸
342 5692 406 5753 Mss.
422 5693 486 5761 dun,
499 5695 667 5761 diminutam
680 5701 737 5750 tum
752 5693 853 5750 addunt
864 5694 925 5766 puio
938 5695 1007 5750 idem
1025 5709 1069 5750 no·
1158 5693 1173 5734 b
1186 5693 1244 5750 Non
1256 5693 1353 5765 legitur
1362 5695 1443 5766 pratia
1455 5695 1482 5750 in
1497 5695 1570 5763 edd,
1584 5695 1682 5766 legitur
1692 5697 1720 5753 in
1733 5696 1844 5755 duobus
1858 5686 1948 5761 οιοεοζ

277 5779 363 5818 socrus
376 5803 384 5817 .
397 5803 405 5818 .
419 5804 425 5817 .
440 5762 735 5834 iureconsultum
748 5766 819 5838 poio,
833 5780 893 5837 qino
907 5781 961 5823 uon
975 5767 1070 5836 legun·
1164 5777 1174 5806 t
1191 5765 1285 5831 Forte,
1303 5774 1408 5821 omino
1420 5767 1628 5838 plorificotionis.

279 5832 436 5890 uuinodd.
1023 5886 1026 5890 .
1161 5834 1325 5894 dllabentur
1339 5836 1397 5893 lraec
1409 5836 1438 5895 iu
1449 5852 1527 5908 mss,
1542 5846 1596 5903 pon
1612 5838 1855 5898 verolnexeusis.
