4152 6344
140 366 192 428 sss
764 331 1216 416 sumamuuornemrt'
1289 390 1295 399 -
1372 448 1374 452 μ
1718 312 1769 419 trs

139 478 261 538 mbas
274 475 356 547 igitur
370 473 494 530 muribus
507 479 550 530 sat
561 478 685 543 portans
695 471 729 525 asi
744 471 886 540 πυρὴ,
900 475 932 525 ut
946 481 969 537 g
982 470 1173 541 oemgwrte,
1199 470 1315 541 Spiritus
1333 477 1441 527 sanctus
1462 471 1584 542 procedit
1606 469 1640 527 ds
1662 487 1772 543 persna-

23 620 27 629 ,
140 565 306 624 misticum
327 562 408 620 bonis
429 560 560 632 operibns
581 558 750 629 manserint
768 560 798 614 iss
817 559 927 614 casim.
986 567 1077 614 neate.
1092 559 1148 617 Nec
1170 567 1260 615 tamen
1281 558 1364 616 Filius
1383 559 1473 616 divisit
1497 559 1604 616 Patrem
1626 564 1772 631 nascendo,

141 654 308 715 Smriiicium
319 667 370 724 pro
378 666 409 708 sc
418 649 510 708 offerri
522 649 750 716 radiebrlstu,
761 654 792 703 at
803 645 839 702 ari
848 646 936 701 altars
985 661 1036 705 nec
1049 650 1167 720 Spiritus
1180 650 1264 705 lieunr
1276 650 1372 707 miscuit
1386 651 1566 721 procedendo,
1586 652 1649 722 quia
1664 668 1715 709 nec
1730 670 1776 719 anf

142 744 248 801 Μαί
259 757 293 799 se
303 739 403 797 estrat
424 738 603 797 chrisum
615 736 732 794 itaximc
755 745 845 792 autem
866 737 937 793 benc
986 746 1037 806 get.
1044 738 1181 795 iacendo.
1204 737 1274 809 Ergo
1289 755 1339 795 nec
1358 739 1493 797 nascendo
1505 750 1547 797 est
1559 740 1643 799 Filius
1655 743 1774 800 minora-

144 835 259 892 rirsntio
271 834 395 904 sapam
412 828 513 888 offerre
531 829 650 887 lemnes
665 830 694 885 si
710 844 774 885 sero
786 828 937 884 delectatur
986 837 1040 897 tus,
1056 843 1106 884 nec
1128 828 1299 898 procedendo
1321 827 1437 900 Spiritus
1456 838 1606 909 separatus.
1629 830 1688 903 lpse
1702 834 1774 890 eninr

144 916 277 983 munaum
285 921 446 979 amiciam
459 921 557 976 dicistis
570 920 699 976 exhibere
713 918 862 984 obtutibus,
877 918 958 987 ipso,
986 917 1067 975 beata
1089 914 1265 974 Trinitasiiia
1287 925 1447 989 permanet,
1469 921 1532 990 quia
1554 920 1590 975 ibi
1612 922 1775 979 substantia·

141 1014 348 1089 meamne
360 1025 460 1082 genera
473 1011 545 1066 iliius
556 1010 679 1067 sacrificii
701 1008 836 1080 quoddam
849 1007 931 1078 spiri·
987 1007 1021 1065 lis
1036 1010 1124 1065 unitas
1137 1018 1278 1080 permanet
1295 1027 1302 1063 ι
1317 1018 1345 1065 ct
1364 1012 1493 1081 quoniam
1508 1008 1671 1069 uillicum
1686 1011 1776 1070 Triui-

143 1107 202 1163 taia
213 1103 373 1162 sacriiieium
392 1102 470 1158 nobis
488 1103 659 1170 agnoscimus
673 1100 784 1155 indicari
800 1098 876 1153 :Per
885 1099 940 1173 (in-
988 1097 1052 1151 tatis
1065 1097 1206 1153 diuinitate
1220 1104 1360 1161 creatum,
1385 1108 1527 1170 propterea
1540 1099 1578 1156 ibi
1592 1100 1659 1157 ulau
1668 1109 1711 1158 est
1723 1104 1777 1158 uti-

147 1195 214 1265 qait)
228 1201 367 1258 tartarum,
378 1200 405 1247 st
425 1190 491 1247 dces
511 1190 597 1262 petius
616 1190 792 1246 neumarum
815 1187 891 1260 (Lae.
908 1205 937 1253 u,
987 1196 1041 1258 que
1054 1196 1217 1257 separatum.
1298 1230 1303 1237 ,
1595 1179 1598 1183 ’

147 1280 204 1354 28).
218 1281 250 1337 ln
271 1280 325 1337 boc
345 1280 557 1349 gmersarium,
571 1278 738 1336 ducamini
757 1275 864 1343 iratres,
879 1292 939 1332 ma·
1024 1277 1051 1332 9.
1068 1276 1141 1343 ttae,
1156 1277 1323 1333 dilectissimi
1336 1275 1442 1346 iratres,
1454 1276 1682 1349 mercenses,
1697 1282 1777 1339 initis
1841 1329 1846 1339 ,
1904 1301 1910 1311 ·
1960 1322 1963 1331 ,

149 1383 231 1440 gaam
245 1368 539 1427 roblsoomnmtatur
551 1366 692 1427 catholicas
713 1366 775 1423 litet
787 1380 941 1423 manmen-
986 1366 1090 1437 iugiter
1104 1375 1271 1437 permanete.
1285 1364 1396 1424 Haesit
1409 1364 1437 1424 in
1449 1370 1678 1440 romamgitarlo,
1691 1381 1790 1449 storo

151 1456 396 1517 mmlncnlsuta
413 1458 486 1515 enim
497 1458 597 1516 caritas
609 1458 775 1527 agnoscitur,
788 1459 819 1514 in
835 1466 940 1514 turture
989 1454 1261 1512 meracissimus
1285 1456 1366 1539 baem
1384 1472 1466 1528 quam
1481 1460 1564 1533 668
1587 1461 1730 1533 accepistis
1751 1462 1778 1519 iu

97 1575 100 1579 v
150 1549 261 1606 uetitas
274 1549 418 1605 invenitur.
439 1548 539 1605 Turtrrr
552 1563 669 1619 namque
681 1550 869 1605 intemeratam
880 1563 941 1605 ser·
990 1546 1101 1601 nornine
1113 1542 1263 1603 Trinitatis.
1277 1544 1391 1604 Servate
1405 1546 1536 1605 uilitatem
1550 1550 1660 1622 spiritus
1682 1552 1709 1607 in
1723 1552 1779 1608 sin·

151 1638 330 1696 tatuuiriro
352 1636 451 1707 ideam
465 1638 589 1696 caittmba
606 1653 673 1695 varo
692 1639 807 1695 alianum
831 1638 942 1694 collabi·
990 1638 1152 1709 europaeis,
1167 1647 1196 1695 st
1210 1640 1332 1709 turturis,
1356 1648 1384 1697 ct
1397 1642 1550 1699 coiumboe
1543 1661 1549 1675 ·
1553 1650 1595 1698 ut
1607 1644 1741 1715 spiritales
1752 1645 1779 1701 in

145 1729 267 1786 anuum
296 1744 352 1785 aon
388 1728 490 1786 emerit
513 1729 654 1785 unitatem
676 1727 834 1785 Gatiroliens
859 1728 947 1798 igitur
991 1726 1074 1785 domo
1092 1726 1142 1785 liei
1162 1744 1269 1801 semper
1282 1746 1341 1788 esso
1355 1732 1472 1802 possitis.
1487 1732 1585 1800 Quod
1578 1748 1635 1805 ipse
1653 1745 1782 1805 prestare

143 1817 320 1877 tamtam
345 1826 409 1876 tune
429 1833 494 1876 rere
516 1819 648 1891 spiritalis
670 1826 759 1874 turtur
779 1816 905 1886 siileltm,
920 1815 1132 1890 signemur,
1158 1819 1289 1889 quicum
1312 1819 1392 1876 Patre
1415 1827 1443 1876 et
1465 1819 1533 1877 Filio
1555 1823 1621 1878 risit
1638 1831 1666 1878 et
1687 1831 1783 1893 regnat
1818 1878 1823 1885 ,

146 1922 243 1963 aeram
253 1907 735 1965 Trinitatisiidcmiirrnaoreriniitatc
744 1916 897 1975 muscarel,
911 1914 941 1964 rt
994 1904 1074 1964 bens.
1862 1910 1864 1913 '

145 1997 286 2061 numism
309 1998 448 2069 prauitatis
470 2012 590 2061 somnus
605 2003 737 2068 trapam
751 1995 942 2053 fornicatiouis
1307 2027 1467 2085 gmon
1526 2065 1528 2068 Α

145 2087 355 2158 ‚inquinamenta
382 2086 516 2157 repudiet.
530 2085 607 2142 Tene
623 2100 688 2142 raro
702 2085 903 2153 eritcoiurnba,
919 2087 943 2141 si

82 2162 86 2167 ’
145 2175 341 2245 longanimiter
364 2175 497 2245 usquein
520 2173 601 2230 inem
624 2175 652 2229 iu
667 2174 800 2230 catholica
808 2176 944 2232 societate

147 2274 323 2353 permaneat,
328 2274 362 2322 et
373 2273 471 2325 cauas
483 2264 647 2321 tentatim
659 2272 687 2320 et
699 2264 850 2343 scaniam
842 2278 940 2321 immo·
1102 2235 1136 2292 Μ
1152 2236 1342 2307 mmm
1352 2238 1434 2294 ΜΨ
1449 2238 1562 2312 '’imm'‘
1572 2233 1692 2307 ΠΜ·

156 2342 203 2411 iro
223 2354 351 2411 tirmitate
370 2355 521 2428 peram:
537 2363 567 2410 ut
586 2369 636 2412 nec
659 2336 784 2411 heretica
802 2353 945 2412 iomicatio
1031 2351 1057 2406 l.
1072 2350 1101 2408 sl
1115 2328 1275 2409 subtilitera
1289 2351 1412 2410 fidelibus
1425 2355 1709 2424 buiusdieiiestiuitas
1722 2376 1782 2431 per·
1832 2342 1838 2351 ¹

156 2453 311 2516 corrumpat
337 2446 364 2500 in
386 2445 473 2502 ensis
496 2442 558 2501 tinet
583 2445 757 2512 castitatem,
781 2459 832 2499 nec
852 2459 944 2500 amara
994 2443 1143 2514 meatur,
1167 2443 1365 2500 concretionis
1384 2444 1481 2501 aliectn
1506 2447 1575 2502 banc
1594 2450 1783 2505 celebrandam
1826 2444 1829 2448 ’

156 2533 291 2591 ribsmsio
311 2532 501 2590 emisstasslca
526 2532 656 2591 castitatis
676 2533 784 2589 deserat
802 2532 943 2590 unitatem.
994 2533 1161 2605 suscipiant,
1182 2548 1237 2605 qno
1250 2533 1397 2592 Dominicm
1418 2534 1581 2606 Nativitatis,
1595 2536 1784 2596 circumcisio·

149 2625 220 2684 flas
232 2634 277 2683 cst
287 2625 360 2682 enim
373 2625 492 2695 legitima
508 2623 631 2682 Ecclesia
649 2638 709 2697 que
722 2621 801 2680 iidem
815 2625 862 2680 uni
875 2625 943 2691 lico,
999 2622 1052 2690 nis,
1072 2632 1154 2692 atque
1173 2624 1357 2694 lippamlonls
1377 2625 1507 2682 solemnia
1520 2635 1583 2683 suut
1597 2628 1691 2683 secrrti.
1712 2627 1785 2685 illius

106 2753 109 2758 -
149 2713 416 2787 sanquamlegttimo
425 2714 485 2772 rire
503 2723 603 2781 serrat,
618 2722 647 2770 et
660 2713 897 2783 congressionem
912 2716 943 2768 li·
995 2711 1178 2769 estenimista
1188 2712 1354 2779 solemnitas.
1371 2714 1448 2785 cuius
1461 2717 1554 2787 etiiia,
1570 2719 1680 2776 serinac
1697 2721 1784 2777 mirror
1832 2716 1834 2721 ’

149 2805 255 2863 bruna
265 2806 293 2862 in
307 2807 421 2862 caritate
435 2803 605 2876 multiplicat.
951 2796 955 2803 ’
995 2811 1038 2859 est
1050 2803 1101 2859 ista
1114 2817 1195 2874 quam
1206 2804 1261 2861 iiia.
1276 2803 1354 2873 Quod
1368 2807 1459 2877 utique
1472 2808 1561 2883 inboc
1573 2826 1698 2867 sermone
1707 2826 1784 2882 aper-

167 2945 171 2952 .
195 2897 221 2956 i.
238 2900 265 2954 in
278 2897 330 2953 bae
342 2904 448 2955 turture
467 2904 496 2952 et
509 2895 642 2961 coiusnba,
657 2894 822 2952 dilectissimi
837 2894 944 2961 iratres,
997 2893 1253 2951 tis‘momtrabimus
1267 2894 1445 2961 docnnmntis.
1459 2896 1543 2968 llujus
1560 2900 1660 2972 quippe
1673 2900 1726 2956 diei
1738 2904 1784 2957 sb·

157 2990 271 3046 milicitc
285 2987 614 3063 permanete,hancvotis
625 2986 749 3042 omnibus
763 2987 904 3051 custodite,
915 2993 947 3041 ut
996 2981 1141 3051 leuauitas,
1160 2984 1230 3040 sicut
1249 2984 1437 3056 aquibusriam
1458 2986 1617 3045 Christianis
1636 2990 1786 3060 ignoratur,

149 3094 218 3135 -sam
238 3093 289 3134 nec
309 3077 427 3150 brianus
441 3078 615 3153 violemnec
636 3076 775 3134 bonatista
792 3077 945 3143 conculcer,
996 3072 1162 3129 sicamuitis
1174 3087 1229 3143 prm
1247 3075 1352 3132 cccteris
1364 3076 1428 3130 arrni
1440 3076 1653 3135 solemnitatibus
1668 3081 1785 3137 borlera-

159 3187 210 3237 uec
231 3170 393 3227 ilanicbasus
414 3170 546 3244 inquinet.
561 3167 583 3224 ii
602 3168 685 3235 esaim,
709 3169 784 3225 reiut
805 3169 948 3238 accipitres
960 3187 984 3251 c
998 3164 1052 3220 tior
1069 3164 1193 3222 babetur.
1208 3164 1323 3224 lissima
1348 3175 1438 3223 autem
1452 3180 1486 3224 co
1499 3162 1787 3244 iocnquo'primatum

149 3261 232 3328 mab,
253 3261 383 3317 uuimtsm
394 3259 527 3316 columba
541 3258 652 3328 cupiunt
664 3259 805 3329 dampere,
826 3266 855 3315 ct
867 3259 949 3315 uasti·
999 3254 1118 3313 Ecclesia
1133 3257 1265 3313 catholica
1279 3257 1306 3313 in
1326 3256 1438 3315 Pastore
1451 3260 1546 3315 sortita
1560 3270 1611 3326 est,
1626 3262 1652 3317 in
1667 3270 1740 3317 tanta
1756 3279 1788 3323 ca

151 3361 243 3411 tatem
265 3353 377 3409 turturis
398 3350 678 3409 desiderautsiolare.
701 3349 768 3407 Nam
788 3349 951 3406 liauicbaens
1000 3347 1151 3403 reverentia
1165 3346 1262 3402 abillis
1274 3347 1398 3414 babetur,
1417 3356 1447 3402 ut
1460 3363 1492 3404 ea
1506 3347 1550 3404 dic
1563 3358 1658 3405 cuncta
1673 3351 1788 3408 civitatis

153 3457 253 3499 rorata
264 3445 292 3499 in
313 3443 422 3501 Christo
442 3459 497 3500 uon
518 3441 605 3499 credit
623 3456 753 3509 earnem,
773 3442 889 3497 brianus
902 3456 948 3495 rc·
1001 3436 1079 3491 turba
1093 3438 1120 3491 iu
1132 3452 1214 3491 unrrm
1233 3437 1356 3504 collecta,
1377 3438 1513 3494 immensis
1527 3455 1666 3496 cereorum
1680 3440 1792 3497 lumini:
1801 3431 1804 3436 ’

1148 2136 1184 2198 (ut
1194 2135 1327 2188 irrrbeturt‘tt
1338 2150 1395 2199 ma,
1406 2139 1450 2190 elsi
1461 2139 1534 2190 dubio
1541 2139 1629 2202 litato).

153 3549 216 3593 cam
234 3535 263 3593 ist
276 3549 310 3591 eo
327 3534 445 3590 minorat
466 3532 656 3597 divinitatem,
681 3530 823 3585 bonatista
843 3542 952 3600 qunque
1001 3528 1051 3584 bus
1069 3542 1231 3596 coruscans,
1253 3528 1394 3584 missarum
1420 3530 1551 3586 solemnia
1577 3533 1787 3590 concelebrent:
1889 3537 1904 3585 1

159 3626 273 3696 ibsipat
290 3623 417 3681 catholici
432 3622 555 3694 corporis
575 3622 716 3679 unitatem.
731 3619 893 3676 iiauicbaeus
905 3635 951 3677 sa·
1002 3619 1143 3689 nullusque
1156 3618 1256 3674 aditum
1274 3618 1389 3689 publice
1399 3622 1523 3678 stationis
1536 3622 1627 3689 intret,
1642 3625 1688 3694 qui
1699 3625 1789 3681 lumen

91 3764 96 3769 .
153 3725 328 3775 mameatum
341 3731 396 3773 non
415 3715 488 3771 ridet
505 3712 706 3789 Redemptoris,
720 3710 836 3767 manus
849 3714 953 3781 magni·
1003 3723 1084 3764 manu
1111 3722 1165 3764 non
1187 3710 1324 3764 tennerit:
1342 3718 1468 3781 tanquam
1482 3712 1588 3769 scilicet
1606 3714 1746 3771 hminum
1761 3717 1789 3771 iu

162 3807 284 3867 tudinem
296 3821 350 3863 non
362 3807 465 3876 cogitat
476 3804 633 3870 Salvatoris,
648 3803 787 3859 bonatista
801 3817 877 3871 vero,
891 3814 953 3859 tan·
1003 3798 1103 3868 templo
1125 3798 1250 3865 oblaturi,
1276 3799 1331 3856 imo
1343 3801 1424 3857 ctiam
1439 3803 1590 3875 suscepturi
1601 3790 1687 3872 3'lidei
1700 3805 1790 3862 lumen

158 3914 245 3972 ¹<priam
264 3913 349 3969 rapax
368 3897 459 3968 iupus,
473 3910 528 3952 non
541 3893 674 3951 dubitarit
684 3944 685 3947 ,
696 3893 827 3964 dissipare
845 3896 953 3963 gregem
1003 3882 1180 3958 qno'intcrius
1189 3887 1301 3957 fulgent,
1314 3890 1432 3946 eatenus
1443 3890 1587 3947 oblationis
1596 3908 1651 3949 susc
1662 3895 1792 3964 reiigione
1806 3884 1808 3889 ’

163 3987 232 4044 boui
256 3986 385 4043 Pastoris.
406 3985 435 4043 Si
449 3988 528 4058 (sorte
546 3982 591 4055 lli)
606 3996 691 4052 ergo,
712 3983 782 4039 sicut
801 3982 867 4050 uisi,
895 3991 954 4038 tan·
1003 3980 1198 4036 demorsstrcnt.
1209 3979 1294 4037 liorlie
1304 3997 1429 4052 namque,
1438 3983 1514 4054 juxta
1525 3985 1611 4055 legem
1621 3994 1703 4059 atquc
1712 4002 1791 4045 evau-

162 4092 249 4150 >quam
263 4078 408 4149 accipitres
420 4077 495 4145 maii,
514 4077 630 4133 miseros
654 4084 683 4132 et
696 4075 822 4136 rastitatis
832 4075 954 4147 rupious,
1003 4071 1113 4140 galium,
1123 4071 1240 4141 peractis
1253 4086 1269 4126 a
1281 4071 1425 4129 Nativitate
1433 4073 1533 4130 Christi
1547 4071 1722 4149 quadraginta
1735 4077 1792 4137 uie·

165 4175 213 4224 ant
225 4169 348 4225 veritatis
362 4167 479 4237 ignaros,
491 4167 616 4225 occinere
625 4165 774 4237 cupientes,
787 4180 955 4237 mmmnnn·
1004 4162 1063 4228 bus,
1071 4162 1098 4217 in
1107 4162 1209 4234 templo
1216 4171 1258 4219 est
1271 4165 1448 4236 aparentibus
1461 4166 1532 4224 idem
1542 4169 1670 4226 Dominus
1680 4185 1793 4242 prasen-

157 4265 207 4313 tar
218 4257 351 4313 columba
363 4257 525 4324 caritatem,
547 4263 726 4312 exsecrantur
746 4256 861 4313 turturis
871 4256 954 4312 casti·
1006 4253 1202 4310 tatusllorilea
1212 4238 1812 4331 sanctosimeonesusoeptus,Patriquscum'

111 4344 115 4353 ’
159 4355 258 4414 tatem,
272 4346 336 4404 etsi
350 4361 419 4418 euos
429 4354 552 4417 possunt,
565 4353 613 4401 aut
626 4359 675 4401 ore
687 4345 830 4414 devorant,
850 4355 897 4403 aut
906 4362 957 4403 un·
1005 4343 1251 4400 saerismuncribus
1261 4344 1694 4417 oblatus.Hodieredcmptionem
1707 4348 1793 4407 israel

159 4437 258 4507 guibus
271 4436 400 4493 lacerant.
413 4434 467 4492 Vos
476 4430 553 4504 ergo,
569 4435 733 4492 sanctissimi
743 4435 850 4502 iratres,
863 4438 891 4494 in
904 4438 957 4494 liris
1005 4433 1223 4505 exspectantibus
1236 4434 1271 4489 ab
1292 4435 1387 4491 codem
1410 4434 1536 4492 simeone
1548 4445 1576 4492 et
1599 4436 1674 4493 ium
1688 4440 1794 4509 publica

161 4527 296 4587 custodite
310 4526 470 4585 catholicam
492 4526 656 4592 ceritatem,
681 4525 708 4580 in
722 4527 837 4583 caritate
849 4538 956 4584 servate
969 4543 995 4603 ῃ
1007 4524 1175 4596 predicatur.
1190 4522 1303 4595 Oquam
1318 4525 1390 4595 pium
1413 4525 1675 4597 spectaculumque
1688 4530 1794 4587 nonnisi

161 4618 326 4698 catholicam
338 4631 448 4688 pacem.¹
751 4642 755 4648 ·
1006 4612 1043 4684 pii
1057 4612 1183 4668 delectari
1196 4612 1497 4682 probanturistatisinc
1506 4615 1581 4684 virgo
1594 4624 1623 4671 et
1636 4624 1810 4693 matermon

199 4708 227 4767 8.
239 4708 288 4766 illo
304 4707 384 4767 offert
403 4709 566 4765 sacriticiurn
579 4716 687 4777 gratum
703 4708 760 4769 lieo
772 4709 818 4779 qui
833 4723 894 4765 cum
909 4723 956 4765 ca·
1007 4701 1147 4773 colusque,
1163 4702 1210 4757 seri
1225 4701 1273 4758 bel
1288 4720 1296 4756 ε
1311 4704 1454 4774 suscipitur
1467 4704 1530 4761 irinc
1544 4707 1670 4778 parvulus
1685 4708 1795 4778 virginiis
1813 4780 1815 4785 Ι

101 4862 106 4869 .
164 4801 245 4857 [imp
257 4797 376 4856 fratem
391 4813 486 4855 'gg-um
505 4797 646 4857 galipolim
668 4798 732 4880 ssdep
746 4799 894 4854 germerii
914 4814 957 4855 ga.
1009 4791 1181 4862 iilius,cttjtts
1201 4792 1368 4850 divinitatem
1389 4810 1442 4850 lton
1465 4795 1539 4866 capii
1556 4795 1794 4856 mundumoccbr·

165 4896 343 4946 crementum.
367 4885 418 4945 Ubi
441 4888 615 4955 seusticus,
641 4903 695 4944 una
711 4887 956 4959 Trinitasoolitarp
1008 4889 1071 4938 rant
1092 4882 1156 4938 irinc
1175 4881 1237 4938 inda
1253 4883 1403 4953 propbeta,
1426 4891 1507 4954 atque
1524 4884 1559 4940 de
1581 4899 1666 4955 puero
1680 4895 1816 4967 uterque¹
1895 4926 1898 4931 »

165 4995 216 5039 nec
233 4978 317 5037 Pater
327 4978 416 5050 maior
437 4978 518 5046 Filio,
533 4993 585 5035 uec
607 4977 689 5035 Patro
702 4979 792 5035 minor
809 4979 957 5035 secuudum
1008 4986 1088 5029 seras
1110 4972 1263 5044 propbetas.
1290 4970 1408 5028 tiliertur
1425 4972 1526 5029 oblatio
1549 4989 1598 5047 pro
1625 4990 1723 5046 puero,
1738 4992 1793 5032 uon

164 5073 336 5133 diuinitatem
345 5073 431 5131 Filius
443 5072 618 5145 predicatur,
633 5087 687 5130 nec
697 5072 733 5129 ab
745 5073 786 5129 eis
795 5072 957 5129 warnitus·
1009 5069 1099 5118 tamen
1112 5076 1173 5132 quse
1186 5061 1284 5118 delicta
1292 5062 1431 5128 muniet,
1442 5062 1488 5121 sed
1498 5078 1558 5134 qum
1572 5075 1739 5122 sacramenta
1748 5068 1795 5123 dc·

165 5165 315 5221 substantia
329 5166 416 5221 sancti
437 5164 578 5237 Spiritus,
600 5164 648 5234 qni
665 5179 727 5220 cum
747 5162 829 5220 Patre
843 5179 876 5219 ac
888 5162 957 5220 Filio
1007 5151 1100 5208 dmi·

166 5247 408 5313 patentissimus
425 5263 468 5311 est
488 5253 569 5311 nens.
586 5251 646 5309 uns
668 5261 711 5310 ess
724 5254 797 5321 enim
818 5253 957 5309 Tantum
1042 5243 1070 5299 ἰ
1093 5242 1200 5315 thuia
1213 5243 1359 5314 hujusdier
1384 5245 1547 5314 preconium
1560 5244 1684 5302 attollere
1704 5247 1794 5333 cupio,

165 5351 267 5405 sancta
285 5343 495 5416 perusiaque
515 5342 545 5399 in
558 5342 644 5398 tribus
660 5341 851 5413 personis-ma
864 5348 957 5395 manet
1008 5337 1073 5392 libet
1082 5335 1167 5406 ipsam
1175 5334 1361 5404 Evangeiicam
1370 5334 1795 5405 iectioncmcoiioqucnrio‘trans·

166 5434 317 5503 mbstantia
330 5434 476 5501 emunim
491 5448 545 5489 una
558 5441 602 5490 est
620 5441 752 5504 potestas,
775 5432 837 5505 quia
850 5447 904 5487 uua
918 5440 960 5487 est
1009 5440 1127 5493 errrore,
1141 5426 1167 5481 in
1181 5436 1233 5495 qua
1248 5425 1298 5481 ista
1326 5425 1428 5481 narrari
1443 5439 1579 5495 cognosco
1596 5443 1603 5480 ε
1618 5435 1750 5496 quatenus
1763 5422 1798 5484 ad

167 5522 310 5599 Μαίης
335 5539 387 5580 una
410 5522 566 5591 eternitas,
591 5522 654 5594 qaia
669 5537 722 5578 una
744 5521 886 5589 diriaitss3
907 5536 959 5577 una
1010 5532 1112 5590 eaque
1123 5516 1240 5573 treoltla
1255 5516 1417 5587 respoudeat
1428 5534 1435 5583 ;
1447 5516 1501 5572 imo
1515 5516 1549 5572 ari
1563 5532 1594 5573 ea
1605 5534 1665 5588 qua
1677 5518 1721 5573 ilia
1732 5536 1798 5574 nar·

168 5616 306 5689 &satoris
328 5615 489 5683 dominatio,
503 5615 567 5685 qaia
593 5628 646 5672 una
670 5621 802 5671 emtore
829 5611 958 5668 mettun.
1011 5617 1062 5675 rat,
1078 5622 1130 5663 rur
1144 5606 1339 5663 exhortationis
1351 5620 1418 5663 meac
1429 5607 1600 5679 respondeat.
1610 5606 1732 5680 lienique
1747 5604 1798 5665 Ln-

169 5705 304 5779 Qtliigttid
315 5706 388 5765 attint
402 5706 483 5763 Pamr
495 5707 614 5772 amnt,
633 5719 682 5776 pcr
695 5703 792 5761 Filium
807 5701 958 5770 fabricarit,
981 5748 982 5751 ,
1012 5714 1057 5755 cas
1069 5698 1233 5768 euangelista
1247 5697 1369 5754 veritatis
1380 5698 1519 5755 historiam
1544 5699 1578 5758 tie
1589 5696 1689 5773 Christi
1711 5700 1798 5757 incar·
1824 5776 1830 5782 ἵ

170 5806 199 5857 ct
212 5799 240 5855 iu
254 5797 356 5868 Spiritu
369 5805 464 5855 sancto
480 5793 603 5854 firmasit.
619 5794 705 5871 iilips
719 5801 811 5861 autem
825 5800 905 5851 natas
918 5801 961 5849 ast
976 5820 980 5830 ·
1013 5790 1122 5848 natione
1135 5789 1240 5863 plenius
1254 5788 1497 5860 atqnc'urctinatius
1509 5791 1615 5848 cacteris
1628 5790 1799 5866 evangelistis
