4056 6356
221 380 272 439 stit
735 370 761 428 S.
778 368 959 427 thecuam
979 372 1127 430 sntscuut
1148 371 1329 431 suspensis
1796 369 1849 427 St}

222 500 272 555 hus
283 495 367 556 dicit:
382 496 510 553 Attendite
521 493 589 551 nolis
601 500 625 547 et
639 493 755 547 urrirerro
765 492 846 565 prepi,
862 492 888 546 in
900 508 949 563 qna
964 490 1006 546 nor
1022 495 1043 549 Α
1060 492 1180 548 cultores
1192 492 1272 547 unius
1283 490 1341 558 liei,
1358 489 1403 559 qui
1416 488 1497 543 aliam
1511 478 1634 544 naturam
1648 488 1737 546 dicius
1750 488 1850 559 Patris,

224 592 337 663 Spiritus
347 598 451 645 sanctur
461 587 545 657 paruit
555 584 698 655 episcopor,
709 599 797 656 repere
807 581 951 637 Ecclesium
961 581 1009 635 Dei
1060 583 1140 638 aliam
1151 582 1221 651 Filii,
1232 583 1312 638 aliam
1322 580 1439 652 Spiritus
1447 579 1532 636 saneti
1545 596 1552 632 ε
1564 588 1593 635 ει
1600 594 1663 635 cum
1676 580 1853 636 unumllenu

223 698 300 754 quom
313 679 448 753 neptirim't
458 672 638 748 ranpuinera'o
651 674 718 745 (Act.
728 690 774 735 xx,
786 672 848 745 28);
861 673 953 742 utique
964 670 1007 728 lric
1060 689 1114 729 noa
1133 674 1239 737 colatis,
1263 686 1314 728 nec
1327 680 1382 728 tres
1397 679 1486 737 tannen
1500 667 1566 726 deos
1585 669 1693 736 colitis3
1717 669 1764 726 sed
1778 671 1857 742 qood

223 771 307 828 [teum
322 785 375 826 non
390 767 535 838 accipimus
550 765 599 822 nisi
615 767 700 836 ipsum
714 765 811 820 Filium
826 764 873 820 liei
889 781 896 818 ε
911 764 958 834 qul
973 771 1010 817 ta·
1060 762 1137 833 pejus
1151 770 1207 828 est,
1220 762 1284 831 quia
1297 760 1386 835 dicias
1400 775 1449 815 ros
1462 759 1554 814 colere
1568 758 1678 830 quirleur
1692 759 1761 815 duos
1774 760 1854 827 deos,

224 877 285 918 meo
305 876 359 916 non
372 857 517 914 secundum
531 865 658 912 aternam
670 863 749 925 atque
763 854 1009 910 incommutabilem
1061 853 1087 908 id
1103 861 1145 908 est
1158 851 1265 908 Patrem
1279 851 1359 908 deum
1373 849 1515 921 maiorem,
1529 858 1557 906 et
1568 848 1665 908 Filium
1674 851 1755 907 deum
1769 852 1857 908 mino-

224 953 389 1009 dirinitatem
402 964 498 1011 suam,
523 963 603 1018 quam
626 947 706 1002 hahet
725 945 953 1002 incommutabilis
976 961 1010 1001 ex
1061 959 1137 1009 rem;
1157 952 1258 1000 etcum
1272 943 1312 999 eis
1325 943 1402 1013 quasi
1413 943 1505 1001 colere
1518 941 1648 1014 Spiritum
1658 953 1794 1011 sanctum,
1808 945 1856 1001 eui

225 1040 323 1107 Patre,
346 1040 393 1095 sed
408 1038 554 1095 secundum
575 1038 770 1092 humanitatem
789 1051 840 1105 qua
855 1037 889 1092 de
901 1034 1010 1104 Virgine
1061 1035 1171 1091 omnino
1184 1049 1283 1090 nomen
1295 1033 1344 1089 llei
1358 1033 1485 1099 adimitis,
1506 1039 1535 1087 ει
1547 1046 1608 1087 eum
1621 1042 1773 1089 creaturam
1794 1034 1857 1091 sine

224 1146 304 1188 verus
318 1130 404 1186 lactus
416 1137 458 1184 est
470 1129 566 1191 homo.
583 1127 738 1197 intelligitur
749 1126 820 1182 idem
834 1125 906 1182 Deus
918 1124 1012 1182 Eccle·
1062 1125 1151 1195 aliqua
1165 1126 1318 1181 reuerentia
1332 1125 1500 1196 nuncupatis.
1527 1122 1614 1186 Unde.
1637 1125 1699 1194 quia
1720 1134 1855 1182 creatorae

223 1223 291 1277 siam
303 1221 449 1290 acquisisse
462 1219 590 1287 sanguine
603 1234 661 1274 suo.
678 1219 736 1274 Non
752 1231 816 1287 argo
829 1217 943 1272 dicimus
965 1215 1012 1272 le·
1062 1233 1112 1273 nos
1124 1232 1184 1273 esse
1197 1216 1315 1273 cultores
1337 1215 1493 1284 ostenditis,
1516 1213 1639 1286 prolecto
1654 1216 1687 1286 (si
1701 1217 1855 1289 volueritis)

224 1327 283 1367 snm
295 1310 430 1366 Christum
444 1325 504 1365 esse
518 1309 691 1365 humanitatis
704 1316 731 1363 et
744 1309 825 1363 solius
836 1306 952 1362 hominis
967 1321 1014 1360 no·
1062 1325 1116 1364 noa
1130 1316 1187 1365 tres
1197 1316 1310 1376 tantum,
1325 1307 1373 1364 sed
1388 1307 1469 1363 etiam
1480 1307 1599 1377 quinque
1616 1306 1683 1362 dcos
1696 1307 1786 1364 colere
1802 1324 1855 1380 pn-

224 1419 297 1468 mro,
312 1403 360 1459 serl
374 1418 455 1458 orrum
469 1401 560 1457 lesum
574 1401 709 1457 Christum
725 1401 808 1455 heum
822 1399 1012 1468 hominemque
1063 1400 1159 1457 teritis.

225 1498 349 1564 dicimus,
366 1499 392 1552 in
406 1513 460 1567 qun
474 1498 513 1553 sic
526 1505 566 1554 est
580 1498 723 1553 denatura
733 1497 827 1553 matris
838 1512 902 1551 vera
916 1504 1012 1551 natura
1225 1514 1308 1586 030
1321 1511 1560 1569 FRAGMENTUM
1575 1511 1694 1569 xmp·

224 1588 355 1656 hominis,
375 1589 444 1643 sicut
465 1587 499 1643 de
514 1595 608 1641 natura
621 1586 669 1641 ilci
684 1585 771 1642 Patris
788 1600 853 1641 vera
872 1595 900 1640 et
913 1594 1013 1641 aeterna
1065 1601 1127 1659 No„
1141 1604 1189 1658 ,015
1207 1604 1279 1659 pam·
1293 1606 1362 1660 m„-
1384 1615 1425 1658 ω,
1446 1603 1574 1669 pagara,
1590 1616 1634 1657 mu
1653 1605 1701 1659 ,σε
1719 1603 1794 1658 pm,
1809 1606 1856 1661 m

226 1688 317 1749 nannet
338 1678 486 1734 substantia
512 1677 628 1734 deitatis.
658 1677 717 1748 lpse
739 1679 809 1737 enim
835 1678 881 1748 qui
907 1679 1013 1735 Veritas
1101 1675 1220 1746 plurium
1232 1675 1335 1730 redtrtt
1348 1673 1478 1728 lrinituti.
1492 1672 1666 1741 cartamine
1678 1672 1855 1745 nobircorprrt

227 1776 278 1834 est,
293 1783 372 1823 uerus
384 1768 467 1824 Pilius
481 1775 523 1822 est
535 1774 563 1822 et
574 1765 659 1822 Patris
673 1775 701 1823 ει
714 1767 818 1835 matris,
834 1767 868 1823 de
881 1768 935 1838 quh
949 1768 1014 1823 dicit
1098 1761 1172 1798 ‘mm'
1181 1754 1206 1797 θ’
1217 1746 1337 1813 ‘milli'
1346 1753 1371 1797 θ’
1383 1744 1539 1813 'mlfisl'lm
1550 1745 1618 1815 [rrit.
1633 1742 1737 1798 Gl‘i‘fssl
1751 1747 1856 1817 “illm

226 1860 259 1915 be
462 1877 469 1890 ,
868 1860 874 1872 .
997 1859 1002 1871 .
1100 1812 1215 1868 Putriet
1235 1813 1430 1880 Filioutlleo,
1454 1812 1530 1867 Patri
1552 1813 1856 1883 nutentperl'r'liurattt

260 1869 319 1915 atus
329 1858 446 1916 ioannes
463 1901 469 1912 .
485 1858 586 1914 Sumus
594 1876 653 1931 pura
665 1858 749 1913 lrirur
762 1858 808 1913 Dei
819 1867 895 1925 uentt,
908 1868 933 1913 et
944 1859 1014 1913 dedrt
1029 1862 1052 1922 Β
1100 1883 1238 1937 hommem·
1262 1883 1375 1954 spirim,
1389 1893 1493 1937 ,amm
1511 1883 1593 1937 ‘ocum
1618 1900 1669 1937 M„
1687 1883 1763 1938 mm
1787 1886 1856 1939 inm

225 1951 298 2006 nohis
311 1951 468 2005 intellectum
481 1960 508 2004 ut
522 1966 706 2022 cognoscuntur
720 1965 822 2015 rmum,
844 1959 868 2003 et
886 1950 965 2004 sinum
984 1951 1012 2004 in
1099 1969 1177 2022 opera
1195 1952 1252 2007 tter.

225 2040 366 2097 venefitio
381 2029 436 2112 ejus
449 2041 511 2095 iesu
525 2039 627 2094 Christo
647 2039 674 2102 tl
688 2039 767 2094 trun,
782 2056 809 2102 r,
823 2037 879 2109 ιθ).
900 2037 934 2092 Ει
946 2053 1014 2107 qno·
1098 2043 1211 2115 Oportet
1221 2052 1311 2099 autem
1326 2053 1400 2099 tuum
1415 2051 1611 2114 consequenter
1621 2043 1731 2101 miniari
1746 2046 1856 2102 menda-

224 2135 384 2188 niamvrrus
396 2133 443 2187 [tet
453 2132 536 2187 Filius
549 2131 706 2185 naturaliter
728 2130 798 2185 Deus
813 2145 891 2183 verus
901 2138 953 2196 est,
967 2129 1012 2198 qui
1062 2137 1142 2199 niun,
1159 2136 1186 2189 in
1201 2150 1235 2190 eo
1249 2135 1320 2205 quod
1332 2133 1408 2200 dicis,
1424 2148 1531 2204 semper
1542 2149 1584 2190 nne
1595 2134 1724 2200 llrnrasse,
1740 2137 1792 2194 soli
1808 2135 1852 2192 ol·

226 2240 276 2281 nec
289 2240 368 2280 uerus
378 2224 448 2280 licus
459 2231 530 2279 esset
543 2225 566 2278 si
582 2239 660 2278 uerus
674 2223 755 2278 Pilius
769 2222 802 2278 dc
818 2221 905 2279 Patris
918 2235 1012 2279 natur-a
1061 2228 1127 2284 ferri
1137 2244 1217 2284 mmm
1228 2227 1388 2284 sacritiaium
1403 2226 1475 2283 Patri
1487 2244 1493 2281 :
1504 2226 1576 2296 qnod
1590 2242 1700 2296 egenae
1709 2229 1855 2300 aifqnsrrdo

224 2330 279 2371 non
290 2324 370 2381 esset,
381 2323 524 2385 propterea
534 2315 624 2369 statim
637 2313 858 2370 heatusioannes
870 2314 1010 2384 adiunxitz
1062 2319 1130 2383 dixi,
1152 2334 1203 2374 nec
1223 2317 1294 2374 dico.
1310 2318 1410 2373 Sancta
1423 2318 1496 2373 enim
1516 2317 1634 2373 Ecclesia
1646 2318 1783 2374 catholica
1798 2335 1853 2376 non

225 2406 277 2462 llic
290 2416 328 2462 ert
341 2424 415 2462 uerus
426 2406 506 2472 Deus,
522 2405 612 2461 etrite
626 2416 724 2460 aternu
739 2404 873 2476 (itidem).
889 2407 968 2480 637
983 2406 1012 2462 ln
1062 2410 1111 2465 soli
1125 2408 1207 2474 Patri,
1232 2409 1279 2464 sed
1299 2409 1378 2464 simul
1388 2417 1493 2465 sanctie
1510 2406 1645 2464 saerillcat
1657 2407 1801 2476 Trinitati;
1824 2420 1854 2466 ει

224 2516 258 2555 eo
271 2516 336 2555 uero
349 2499 419 2569 quud
433 2496 554 2552 Christus
570 2498 616 2552 Del
630 2496 727 2558 Filius,
752 2505 831 2552 natus
853 2497 887 2552 de
910 2496 1012 2569 Spiritu
1062 2501 1132 2556 sieut
1146 2501 1179 2555 ad
1192 2500 1276 2556 solius
1295 2498 1383 2556 Patris
1396 2515 1539 2571 personam
1553 2500 1672 2570 dirigens
1689 2501 1851 2565 orationem,

224 2597 319 2644 sancto
332 2603 366 2643 en
382 2587 489 2656 Virgine
504 2586 586 2641 llaria
596 2586 702 2667 dicitnr,
724 2602 776 2641 non
792 2595 833 2642 est
847 2587 916 2642 alius
929 2587 1013 2657 Spiri·
1063 2599 1147 2647 totam
1161 2592 1240 2648 simul
1252 2592 1359 2649 inuocat
1373 2591 1531 2647 Trinitatem
1544 2609 1551 2658 ;
1566 2593 1602 2647 ita
1616 2592 1688 2662 quod
1703 2591 1775 2648 Patri
1795 2593 1853 2650 lico

224 2689 268 2735 tus
287 2688 396 2734 sanetus
409 2693 489 2748 quam
505 2676 673 2744 Paracletus,
688 2677 733 2748 qui
748 2686 789 2733 est
803 2694 872 2734 unus
886 2675 973 2733 Patris
986 2684 1013 2733 et
1061 2683 1193 2749 immolat,
1209 2682 1288 2743 simul
1303 2682 1427 2738 Trinitati
1438 2680 1578 2737 sacrificat.
1591 2681 1654 2739 Sive
1665 2683 1736 2738 enim
1750 2683 1778 2738 in
1790 2698 1854 2740 ora·

225 2770 284 2826 Filii
299 2770 424 2840 Spiritus.
436 2769 508 2824 ldcrn
523 2782 637 2838 namque
650 2777 692 2824 εει
703 2767 820 2838 Spiritus
833 2769 953 2824 veritatis
965 2769 1011 2839 qul
1061 2774 1148 2843 tinne,
1160 2774 1216 2829 sire
1227 2774 1253 2830 in
1264 2773 1405 2837 sacrtttcio,
1417 2772 1518 2827 nullam
1533 2771 1595 2828 lacit
1605 2771 1744 2828 lldesreta
1754 2773 1854 2830 discre-

223 2865 332 2921 aPatre
342 2864 463 2937 procedit
476 2863 565 2934 (iona.
581 2880 626 2932 xv,
643 2862 700 2934 26),
711 2863 756 2933 qui
770 2863 840 2919 solet
853 2864 880 2918 in
889 2863 1012 2934 Scriptu-
1062 2865 1164 2920 tiotrem
1179 2865 1310 2930 muneris,
1322 2863 1450 2934 quianon
1465 2872 1507 2918 εει
1520 2864 1547 2918 iu
1566 2862 1698 2918 Trinitate
1710 2864 1855 2921 diversitas

225 2958 261 3011 ris
274 2957 374 3011 sanctis
386 2955 503 3026 Spiritus
516 2964 625 3011 sanctus
638 2955 839 3011 evidentissime
851 2955 1009 3026 nuncupari.
1062 2954 1205 3025 potestatis
1220 2972 1228 3008 ε
1244 2953 1315 3009 uode
1328 2952 1456 3025 quidquid
1470 2953 1516 3007 uni
1529 2967 1651 3023 personae
1661 2952 1787 3017 ollertur,
1804 2970 1854 3010 ne·

224 3042 290 3098 liam
305 3052 345 3097 εει
356 3043 462 3111 quidem
479 3043 637 3098 naturaliter
650 3051 677 3098 et
691 3041 772 3097 Pater
785 3044 903 3113 spiritus,
926 3053 953 3099 et
967 3044 1011 3100 Fi·
1061 3063 1138 3104 cesse
1152 3056 1194 3103 est
1208 3046 1331 3102 Trinitatl
1346 3046 1447 3117 pariter
1459 3044 1596 3108 oilerator.
1609 3044 1685 3112 Quod
1693 3055 1854 3102 sanctorum

225 3133 276 3188 lius
290 3133 410 3202 spiritus,
421 3140 448 3187 et
458 3130 537 3187 Pater
546 3138 664 3196 sanctus,
679 3138 706 3188 ει
715 3123 799 3187 Pilius
814 3141 941 3200 sanctus;
963 3133 1009 3189 sed
1062 3138 1273 3209 patriarcharum
1288 3148 1316 3194 et
1330 3138 1520 3209 prophetarum
1539 3136 1737 3192 demonstratur·
1755 3152 1854 3194 exem·

208 3230 314 3276 ·tamr·n
333 3237 386 3276 non
401 3222 536 3277 inuenitur
550 3221 623 3277 loeus
638 3222 664 3277 in
680 3222 775 3278 diuinis
789 3223 902 3293 eloquiis
917 3225 943 3278 in
956 3222 1046 3294 quoC
1062 3230 1113 3303 piis
1127 3249 1134 3284 :
1151 3230 1196 3285 uiri
1207 3229 1390 3301 principaliter
1402 3228 1593 3285 ammentum
1608 3229 1684 3283 nohis
1697 3238 1752 3296 est,
1765 3229 1854 3287 altars

227 3312 364 3368 Poterant
378 3312 460 3370 Filius
475 3312 613 3380 absolute,
631 3323 658 3367 et
678 3313 737 3368 sine
757 3314 845 3383 aliqua
860 3313 1011 3383 adiectione
1061 3318 1096 3374 ad
1110 3320 1282 3389 hocsemper·
1303 3318 1461 3375 mrlihcatum
1476 3318 1548 3383 uso,
1569 3326 1598 3374 ει
1617 3318 1708 3374 dehita
1727 3318 1852 3376 sacriheii

223 3399 449 3469 dicaturSpiritus
460 3408 576 3454 sumtus.
589 3399 724 3470 Scriptum
735 3410 774 3456 est
790 3402 860 3456 enirn
875 3421 882 3455 ε
896 3402 1010 3474 Spiritus
1062 3410 1132 3466 {teus
1144 3411 1294 3466 honoretur
1303 3409 1443 3478 obsequio.
1459 3407 1549 3464 litare
1559 3422 1676 3478 namque
1688 3409 1724 3464 ιιι
1734 3409 1851 3479 primum

222 3502 262 3548 “l
274 3491 344 3546 ΒΜ
355 3490 444 3564 (¹⁰⁰²1·
457 3506 493 3556 ll·
502 3490 564 3560 flii
579 3490 626 3559 ιιι
639 3491 757 3546 additum
769 3500 812 3547 0⁵²
822 3493 857 3548 illi
872 3493 954 3557 Delli.
966 3496 1009 3550 ulti
1060 3500 1088 3555 in
1102 3499 1202 3555 sanctis
1223 3497 1402 3554 uoluminibus
1416 3498 1582 3562 nominatur,
1600 3497 1644 3552 ubi
1656 3506 1765 3552 sauctus
1777 3496 1850 3562 Noe,

223 3585 283 3659 lille
292 3582 374 3637 duhio
391 3580 472 3637 Pale?
485 3581 639 3650 idnffielllll
653 3582 733 3637 urus.
747 3582 816 3652 Ειιθ
828 3600 888 3640 cum
905 3582 1008 3641 Pullum
1061 3591 1096 3648 de
1110 3607 1171 3647 arca
1186 3590 1337 3662 egrediens,
1352 3590 1407 3644 lieo
1420 3590 1577 3660 perhibetur
1590 3588 1693 3645 hostias
1707 3589 1848 3645 obtulisse.

221 3681 271 3728 aut
284 3672 379 3727 Filium
395 3680 487 3726 sancta
502 3670 641 3741 Scriptura
655 3671 797 3740 signillcat,
812 3674 951 3729 consuerit
963 3684 1011 3730 aut
1060 3682 1105 3740 sic
1122 3684 1193 3738 enim
1205 3683 1385 3752 scriptumest
1399 3697 1406 3735 ;
1422 3680 1457 3734 Et
1467 3680 1607 3751 aedificarit
1621 3678 1681 3735 Nae
1692 3680 1778 3735 attare
1792 3678 1851 3735 ita-

221 3761 352 3834 Spiritum
365 3760 566 3824 tantummodo,
588 3769 635 3814 εει
652 3770 773 3815 sanctum
794 3761 898 3826 dicere,
922 3772 950 3818 et
964 3774 1010 3819 εει
1061 3777 1141 3843 mrim,
1156 3784 1181 3829 ιι
1193 3778 1291 3845 aceepit
1310 3775 1342 3828 st
1365 3773 1482 3828 amathar
1496 3774 1627 3844 pecarium
1647 3773 1764 3851 maiis,
1779 3775 1852 3827 etas

220 3870 321 3910 ”⁰⁰¹0ss
334 3853 478 3923 idiunssest'
491 3867 545 3922 (1¹¹⁰
565 3851 607 3905 ill
622 3850 701 3905 9²¹0?
715 3854 756 3907 iel
768 3852 852 3907 filim
865 3855 949 3924 9⁰⁸⁵st
968 3855 1010 3910 5¹1·
1060 3864 1177 3920 omnihus
1191 3864 1337 3919 uulutlliltus
1352 3863 1472 3930 mundis,
1497 3873 1522 3918 et
1536 3864 1627 3919 oltttttit
1641 3864 1754 3918 hordain
1773 3880 1852 3937 nuper

221 3946 322 4015 telligi,
338 3952 385 3999 εει
398 3945 420 3998 si
432 3958 528 3998 nomeu
544 3941 768 4011 nonadjunxerit,
784 3957 817 3997 ex
832 3944 1008 4012 precedenti·
1061 3953 1210 4008 alrenoio
1226 3951 1330 4027 (Gener,
1344 3969 1399 4017 rm,
1412 3952 1469 4023 stt).
1490 3951 1555 4007 Nam
1570 3961 1598 4007 et
1617 3952 1746 4008 haiminus
1758 3961 1852 4008 ostem.

223 4039 273 4094 bus
294 4037 336 4092 tel
355 4036 578 4104 subsequentibus
600 4042 760 4101 agnoscatur
774 4044 861 4089 utrum
886 4037 931 4092 uni
946 4051 1008 4107 per·
1060 4046 1126 4102 rtem
1139 4043 1209 4116 quod
1224 4043 1302 4114 huius
1320 4045 1357 4100 rei
1373 4044 1458 4115 gratia
1472 4050 1645 4100 construatur
1657 4043 1759 4108 auare,
1782 4043 1852 4099 llosl

221 4143 305 4193 soom,
321 4143 355 4181 an
368 4126 447 4181 simol
459 4127 507 4196 ipsi
520 4136 618 4180 εεεειε
624 4125 761 4190 minnan,
776 4127 922 4182 secunlum
934 4143 1009 4197 resu-
1060 4135 1160 4191 famulo
1169 4150 1220 4191 suo
1230 4134 1270 4190 sic
1281 4135 1399 4205 loquitur
1414 4152 1420 4188 :
1435 4134 1524 4188 Attene
1537 4133 1570 4187 de
1583 4143 1650 4188 terra
1660 4135 1763 4204 iacietis
1776 4134 1851 4198 ntita',

141 4286 148 4295 .
221 4221 276 4274 lara
290 4219 387 4275 densat
398 4233 467 4273 term
487 4218 548 4273 lldel
562 4219 692 4287 coaptari.
708 4218 767 4288 lpse
782 4228 823 4274 εει
843 4218 923 4289 igitur
941 4236 1009 4277 unus
1060 4237 1085 4282 et
1098 4225 1262 4281 irrmolrir'tir
1274 4226 1424 4298 ruperitlud
1434 4227 1617 4282 holocaustam
1627 4225 1756 4279 rntntorr‘u
1766 4234 1851 4280 uerus

221 4309 337 4381 Spiritus
349 4318 467 4377 sanctus,
483 4310 516 4365 de
530 4324 584 4379 quo
594 4309 742 4366 secundum
755 4327 863 4367 caraem
875 4322 953 4371 natus
967 4324 1009 4370 est
1062 4315 1160 4387 (deod.
1169 4333 1213 4381 rr,
1224 4314 1281 4387 ιι).
1302 4315 1542 4386 inquiramusergo
1551 4313 1851 4384 cuinampatresuostri

220 4402 352 4464 Christus,
376 4416 409 4455 en
423 4416 477 4470 quo
498 4400 654 4471 spiritaliter
667 4403 754 4457 ornnis
769 4405 916 4459 renascitur
929 4406 1007 4459 Chri·
1061 4408 1145 4464 altare
1159 4409 1374 4473 construxerint,
1400 4417 1429 4462 ut
1453 4407 1502 4478 ipsi
1516 4423 1564 4463 eos
1575 4421 1754 4475 agnoscamus
1767 4407 1851 4461 etiam

219 4494 332 4551 elianus.
349 4491 385 4546 Ea
400 4494 498 4563 qnippe
519 4492 606 4547 saneti
624 4491 740 4563 Spiritus
754 4494 850 4563 gratia,
872 4509 924 4564 qna
938 4495 1009 4551 lleus
1060 4498 1219 4555 sacrilicium
1241 4498 1380 4555 olstulisse.
1405 4498 1470 4555 Post
1491 4498 1557 4553 illud
1571 4498 1663 4568 itaque
1676 4497 1763 4553 altare
1776 4497 1852 4567 quod

220 4583 378 4653 {inigenitus
400 4584 523 4652 dignatos
543 4591 584 4638 est
603 4582 687 4640 Filius
707 4585 821 4641 hominis
843 4584 911 4653 lieri,
932 4587 1008 4643 nohis
1026 4591 1118 4662 erte
1133 4591 1246 4646 Domino
1259 4589 1411 4657 fabricarit,
1434 4599 1557 4645 assarta
1578 4588 1712 4644 rlltraltatn
1736 4588 1853 4658 legimus

217 4676 348 4732 donatum
360 4685 402 4732 est
413 4676 440 4731 iu
461 4675 509 4730 ilci
521 4675 590 4730 ttttrs
604 4675 734 4746 adoptari.
751 4676 808 4732 Noa
821 4685 909 4732 autem
921 4677 1008 4732 Trini·
1060 4681 1144 4736 altare
1157 4688 1350 4737 constructum.
1365 4678 1411 4736 Sic
1424 4681 1496 4736 enirn
1510 4679 1638 4749 seriptum
1649 4686 1692 4734 εει
1707 4697 1713 4732 :
1729 4677 1767 4732 Ει
1780 4679 1852 4733 rim

219 4766 294 4831 latis,
305 4765 352 4821 sed
363 4765 448 4821 sollus
458 4765 505 4819 liei
520 4763 608 4820 Patris
626 4774 667 4820 est
680 4763 849 4820 Filinsiesus
861 4766 983 4823 Christus
999 4785 1006 4820 ε
1059 4780 1097 4825 ert
1112 4770 1238 4826 Donuirmr
1260 4769 1329 4825 Dertt
1347 4769 1468 4835 strnue,
1492 4768 1516 4825 'et
1534 4770 1602 4824 risit
1620 4771 1645 4824 ei
1664 4785 1673 4822 .·
1689 4767 1790 4824 Semini
1806 4778 1851 4823 tntu

218 4856 265 4925 qui
286 4855 379 4926 utiquc
392 4854 470 4924 digne
482 4854 580 4910 dicitur
593 4863 744 4909 coaternus
755 4854 811 4909 llco
826 4853 909 4919 Patri,
924 4855 1007 4909 etiam
1059 4859 1125 4915 daho
1140 4869 1234 4914 terrum
1247 4860 1334 4913 istum
1360 4858 1394 4913 st
1407 4859 1545 4929 ettfirrrtr
1565 4857 1600 4912 iti
1619 4857 1752 4912 stratam
1766 4859 1852 4912 atture

157 4939 162 4948 ’
219 4954 497 5017 acceptacarnesua,
521 4945 583 5015 quia
606 4960 658 4999 una
682 4953 723 5000 est
745 4946 772 5000 in
795 4945 840 5001 illo
860 4945 1007 5002 diuinitatis
1058 4952 1180 5017 Domino,
1195 4953 1238 5024 qui
1248 4952 1315 5006 nitur
1329 4959 1367 5008 ent
1380 4951 1413 5006 ei.
1430 4948 1464 5005 Et
1478 4951 1583 5004 recessit
1603 4950 1665 5004 iudo
1683 4951 1711 5003 ιιι
1734 4959 1850 5004 montet·

217 5038 361 5107 carnisque
373 5051 502 5108 persona:
515 5035 660 5107 etipsellel
673 5035 809 5105 Piliusqui
825 5037 851 5091 in
862 5051 1005 5106 personam
1057 5051 1148 5097 contra
1162 5043 1285 5097 εειεειεεε
1303 5040 1412 5106 liethet,
1436 5049 1461 5095 et
1479 5040 1570 5096 ιιειιιιι
1591 5037 1628 5093 ιιι
1651 5037 1850 5093 aternum

217 5129 326 5185 deitatis
339 5142 395 5183 unse
416 5127 519 5197 acecpit
529 5141 648 5190 carnem,
673 5127 830 5182 naturaliter
849 5126 930 5182 hahet
949 5127 1005 5183 lleo
1057 5146 1132 5185 suurn
1145 5129 1242 5195 Bethel,
1266 5130 1405 5185 recondunt
1418 5144 1491 5183 mure
1503 5130 1584 5199 eppe,
1599 5137 1690 5183 cantra
1701 5128 1848 5184 orientum:

218 5220 290 5276 Patri
303 5228 463 5278 cotelernam
478 5220 536 5275 sine
556 5219 632 5275 initio
646 5219 783 5274 deitatem.
807 5219 861 5274 Nec
880 5227 922 5274 est
937 5219 1005 5274 alter
1057 5230 1082 5276 et
1092 5221 1229 5291 edificavit
1239 5219 1274 5275 ιιι
1284 5223 1368 5275 uitare
1380 5218 1491 5275 Ιιεειιεε
1504 5217 1568 5287 Deo,
1580 5229 1605 5272 et
1615 5219 1743 5273 inuocauit
1756 5218 1782 5272 in
1798 5237 1848 5273 nr-

217 5314 333 5385 Spiritus
341 5311 571 5383 sanctusqucmin
579 5312 850 5367 nostrisorationihns
859 5328 919 5367 curn
927 5310 1005 5367 Patre
1058 5313 1126 5368 mine
1135 5311 1239 5367 Domini
1253 5310 1312 5377 liei,
1325 5313 1371 5384 qui
1382 5312 1450 5366 rtrrr
1459 5320 1497 5364 ert
1507 5307 1611 5380 (Gener.
1624 5322 1669 5374 ιιι,
1685 5308 1711 5376 t,
1726 5307 1765 5383 8).
1775 5306 1859 5379 (lum¹

216 5414 246 5460 ει
258 5404 326 5461 Pilio
335 5404 515 5468 nominemus,
526 5411 623 5473 praeter
637 5420 719 5459 unum
733 5403 898 5460 Paracletum
918 5403 1003 5475 Spiri·
1057 5403 1179 5474 superius
1191 5401 1224 5458 de
1239 5401 1409 5458 inuocatione
1427 5400 1475 5456 Dei
1487 5412 1644 5469 ageremus,
1660 5397 1740 5454 istum
1755 5398 1847 5455 locum

218 5506 274 5550 tum
291 5514 297 5549 :
313 5511 392 5567 quem
412 5495 451 5550 sic
470 5510 552 5550 unum
567 5492 694 5565 Spiritum
709 5493 796 5550 Patris
810 5504 838 5550 et
851 5493 912 5550 lilii
926 5494 1003 5549 nori·
1053 5493 1110 5563 jam
1130 5509 1179 5549 nos
1197 5492 1317 5564 posuisse
1341 5491 1529 5554 meminimus;
1556 5488 1642 5560 ipsum
1665 5489 1747 5543 etiam
1773 5505 1847 5547 nunc

218 5603 287 5652 mus,
300 5595 330 5642 ut
338 5586 592 5643 consubstantialem
603 5595 631 5641 et
640 5594 803 5641 maternum
815 5585 886 5641 Patri
898 5594 925 5640 ει
936 5584 956 5639 F
958 5585 1003 5640 iliu
1056 5592 1208 5654 repetamus
1232 5597 1351 5638 sensum.
1371 5581 1499 5637 Volentes
1512 5579 1584 5636 enim
1606 5578 1701 5634 Filium
1724 5592 1739 5632 a
1764 5578 1846 5635 Patre

216 5677 363 5731 certissime
377 5676 540 5731 norerhnre.
565 5676 592 5731 ln
613 5692 647 5730 eo
661 5686 749 5730 autem
766 5692 846 5730 unmn
861 5675 1004 5731 lteumrros
1056 5673 1185 5729 minorent
1199 5672 1361 5739 osterrdere,
1386 5660 1480 5727 solc'tis
1500 5669 1599 5736 dicere,
1624 5669 1719 5725 Filium
1742 5671 1846 5726 sarrctis

216 5766 307 5820 colere
321 5763 545 5827 demonstramus,
559 5765 620 5833 quia
637 5781 715 5818 unam
731 5763 867 5819 Trinitatis
880 5764 1004 5820 snbstan-
1055 5764 1177 5821 Patribus
1192 5767 1286 5822 risum.
1304 5764 1373 5832 Quid
1386 5778 1450 5833 ergo
1461 5779 1532 5819 nune
1544 5761 1654 5818 dicitis?
1667 5761 1846 5833 Qustrrloqui·

216 5857 282 5911 tiam
292 5853 426 5909 erudimus
434 5863 461 5910 et
475 5854 599 5911 latemur.
613 5857 666 5919 l'os
677 5865 766 5913 autem
779 5857 929 5914 nullatenus
938 5858 1004 5914 estis
1054 5856 1114 5914 dem
1129 5856 1261 5912 atrratraar
1278 5864 1377 5921 noster,
1403 5855 1468 5922 lleo,
1484 5853 1529 5925 qui
1543 5853 1569 5909 ei
1583 5852 1655 5909 risus
1674 5862 1734 5921 est,
1755 5852 1845 5909 altam
