4056 6356
134 391 188 449 ddi
576 388 623 445 uu
638 387 808 448 tumultu
827 388 1168 450 sumbusutuartortts
1186 392 1252 450 itu.
1274 391 1320 449 lli.
1717 398 1771 456 uto

133 514 200 570 stas,
213 510 243 559 ut
253 499 439 560 laborantibus
450 500 552 559 tribuat
560 503 698 573 virtutem,
711 514 739 561 et
752 505 927 562 uictoresnos
943 509 969 571 Α
981 515 1010 564 ιι
1023 505 1165 564 inllrmites
1175 508 1292 567 bominis
1305 506 1409 578 maiore
1434 506 1568 579 adiutorio
1579 508 1672 580 gratiae
1689 509 1772 568 victo·

132 594 263 670 perducat
277 594 311 650 ad
324 606 442 667 pacem,
456 593 502 650 ubi
517 595 665 667 perfectam
685 603 714 652 ct
732 598 766 653 ab
779 597 853 654 omni
864 613 927 669 pec·
979 598 1047 655 riam
1070 600 1168 671 recipit
1188 615 1269 671 quam
1288 601 1389 657 omisit.
1404 600 1529 659 Potestas
1542 603 1634 674 utique
1647 604 1772 662 benerei

131 697 194 747 cato
208 686 364 760 plenissime
375 686 516 744 liberatam
531 687 679 747 habeamus
696 688 800 745 arbitrii
819 690 928 757 liberta-
978 692 1050 749 male
1065 692 1195 765 operandi
1207 701 1299 765 potest
1313 693 1402 751 inesse
1425 694 1528 751 bomini
1542 697 1629 753 utenti
1641 696 1747 753 ratione
1762 715 1770 754 r

132 786 188 836 tom
200 787 282 836 :tnnc
292 778 400 851 quando
413 779 502 837 omnis
514 789 648 847 ereatura,
657 795 717 851 onec
729 797 800 838 nunc
814 796 930 839 renova·
979 784 1027 841 sed
1041 785 1112 842 mule
1124 785 1255 858 operandi
1266 794 1387 858 potestas
1405 800 1439 843 ex
1452 786 1511 843 solo
1525 785 1615 844 tibere
1626 788 1773 844 uoluntatis

133 882 178 930 tur
188 873 215 929 in
225 872 345 940 Christo,
358 872 541 930 liberabitura
554 874 684 931 servitute
697 874 888 945 corruptionis,
901 875 928 930 in
979 873 1095 931 babetur
1109 875 1238 943 arbitrio;
1251 883 1371 947 potestas
1382 885 1473 934 antem
1484 877 1554 934 bene
1565 878 1697 949 operandi
1708 859 1773 935 tr'rne

131 963 286 1022 bbmtatem
299 964 392 1034 glorios
406 964 523 1022 illiorum
538 965 586 1047 liei
601 965 696 1038 (ilem.
710 980 768 1035 mn,
788 966 845 1039 il).
861 968 928 1024 Cum
979 964 1066 1022 libero
1078 967 1147 1023 inest
1161 966 1288 1034 arbitrio,
1313 967 1423 1039 quando
1441 966 1559 1025 donatur
1577 983 1593 1024 a
1609 968 1676 1027 beo.
1698 967 1773 1025 lianc

19 1056 24 1065 ’
132 1064 226 1119 autem
240 1057 410 1125 liberabitur,
435 1058 529 1129 procul
552 1056 685 1117 dubio-et
705 1059 798 1115 liberae
811 1058 885 1131 pacis
901 1068 930 1127 et
979 1066 1141 1130 potestatem
1167 1059 1295 1117 diuinitus
1316 1060 1374 1116 dari
1398 1057 1517 1116 loannes
1534 1059 1698 1131 euangelista
1720 1060 1773 1115 boc

131 1157 237 1217 pacatae
249 1149 381 1205 libertatis
393 1148 679 1221 munereperlruetur.
691 1149 769 1217 Quod
782 1149 861 1205 sillia
876 1167 929 1222 pax
979 1162 1106 1204 sermone
1121 1156 1236 1206 testatur
1252 1167 1259 1204 ι
1277 1146 1406 1223 Quotquot
1427 1158 1514 1205 eutero
1532 1158 1683 1221 receperunt
1704 1164 1772 1214 eunt,

131 1226 351 1310 illaquelibcrtas
361 1249 437 1297 tanta
449 1236 611 1299 etiamnunc
624 1243 834 1299 inessetbomini
846 1257 929 1313 quan·
980 1241 1050 1296 dedit
1063 1243 1101 1297 eis
1113 1251 1271 1314 potestatem-
1287 1243 1356 1313 otior
1369 1240 1419 1296 Dei
1432 1242 1501 1313 fieri,
1516 1243 1557 1297 tris
1568 1242 1615 1315 qui
1629 1241 1736 1297 credam
1745 1240 1771 1294 in

131 1343 188 1389 tam
200 1333 295 1391 babuit
308 1335 411 1405 primus
424 1334 507 1391 bomo
520 1341 583 1391 ante
593 1343 746 1406 peccatum,
757 1350 810 1390 non
824 1334 929 1390 videret
979 1336 1084 1390 nornine
1095 1335 1151 1406 ejus
1167 1335 1255 1406 (icon.
1273 1351 1292 1402 t,
1304 1333 1361 1406 li).
1397 1378 1400 1385 .

131 1425 160 1479 ln
175 1412 304 1482 membris
317 1425 373 1483 suis
387 1425 467 1482 aliam
487 1425 584 1496 legem,
609 1440 670 1497 qun
692 1426 744 1497 legi
764 1426 929 1483 mentiosum
1016 1423 1081 1480 Cir.
1096 1423 1772 1495 rurs-ibQuaestionemuerodeanima,quam

130 1517 330 1574 contumaciter
343 1524 517 1589 repugnaret,
529 1523 558 1573 ct
575 1516 710 1589 captiuum
725 1516 753 1572 in
764 1516 851 1588 legent
862 1531 928 1587 pec-
979 1514 1156 1587 penultimam
1175 1514 1272 1571 restris
1293 1515 1321 1571 in
1335 1514 1432 1571 litteris
1445 1515 1590 1588 posuistis,
1615 1529 1668 1584 ego
1680 1515 1708 1571 in
1721 1514 1773 1574 bac

128 1592 190 1665 ,cati
199 1610 334 1666 violenter
347 1609 503 1669 abduceret.
980 1607 1158 1678 responsione
1168 1606 1290 1662 ultimam
1298 1606 1475 1677 possisnam
1488 1607 1574 1676 magis
1585 1606 1703 1664 arbitror
1711 1621 1773 1663 con·

167 1697 213 1753 bi.
244 1697 371 1759 Liberum
395 1699 487 1769 itaque
509 1699 635 1756 humanm
657 1700 755 1756 mentis
777 1698 927 1763 arbitrium,
979 1700 1080 1756 dictum
1091 1698 1162 1772 apud
1170 1716 1220 1757 ros
1231 1699 1332 1756 babere
1341 1713 1422 1770 quum
1435 1698 1701 1771 terminumzinqna
1712 1699 1773 1770 pius

129 1790 290 1863 priusquam
301 1794 493 1865 primusbomo
503 1794 675 1866 peccaretis
686 1802 790 1851 tantum
805 1793 928 1849 loitrere
979 1801 1071 1865 potest
1092 1793 1184 1864 augeri
1210 1792 1348 1850 eontentio
1372 1807 1453 1863 uuam
1474 1791 1616 1862 suffragari
1642 1790 1770 1862 cognitio.

129 1882 257 1950 liberum,
274 1885 303 1941 in
314 1877 445 1956 quantum
460 1886 488 1942 in
502 1902 532 1944 se
552 1887 619 1944 nibil
633 1902 667 1944 er
681 1902 711 1945 se
731 1887 865 1944 sentiebat
878 1886 928 1943 ad·
942 1879 967 1942 B
980 1882 1099 1957 Utraque
1113 1884 1186 1941 enim
1199 1899 1264 1955 pars
1276 1884 1317 1941 sic
1330 1883 1386 1940 suis
1399 1883 1594 1941 assertionibus
1614 1882 1717 1948 nititur,
1741 1892 1772 1940 ιιι

129 1988 252 2030 versum.
268 1974 359 2032 lnerut
370 1991 436 2049 ergo
448 1979 475 2034 ei
494 1979 596 2035 sanitas
607 1988 636 2035 et
651 1977 786 2045 iclicitas;
814 1994 864 2035 nec
878 1978 928 2035 ali-
979 1977 1123 2034 contrariis
1133 1974 1772 2046 nibilominusobiectionibusrevincatur.CoJus

128 2079 213 2135 quam
235 2067 285 2122 sibi
308 2068 444 2125 sentiebat
456 2069 546 2127 inesse
559 2070 711 2137 miseriam,
735 2070 798 2139 quia
818 2070 928 2126 tenebat
977 2067 1134 2138 questionis
1150 2066 1245 2123 beatus
1258 2067 1423 2136 Augustinus
1435 2066 1646 2139 profunditatem
1659 2066 1710 2123 sibi
1722 2066 1772 2123 im·

128 2165 206 2212 recta
220 2156 349 2215 libertate
360 2158 503 2229 iustitiam.
526 2158 634 2217 lustitia
657 2160 757 2233 quippe
769 2160 929 2218 liberaliter
976 2156 1198 2229 perscrutabilem
1212 2170 1336 2221 cernens,
1357 2156 1457 2213 nullam
1471 2156 1558 2212 voluit
1576 2155 1657 2225 buius
1670 2156 1710 2212 rei
1725 2155 1773 2213 de·

128 2234 275 2312 seruiebat,
291 2249 352 2306 idco
366 2250 400 2306 dc
414 2266 480 2308 sera
493 2252 619 2309 libertate
632 2253 776 2323 gaudebat.
978 2247 1081 2306 linitam
1105 2247 1226 2321 prolerre
1250 2248 1435 2315 sententiam,
1463 2248 1643 2319 incongruum
1659 2262 1772 2319 prorsus

144 2404 149 2409 ,
163 2337 232 2397 Cra.
243 2355 308 2397 xru.
318 2372 355 2382 -
367 2340 472 2398 Primus
481 2344 575 2413 nuque
586 2342 679 2411 bomo,
690 2342 809 2416 quandiu
817 2343 927 2414 justitias
977 2340 1135 2397 existimans
1163 2338 1265 2409 aliquid
1279 2336 1415 2395 alllrmare
1434 2338 1495 2394 sine
1509 2337 1678 2395 dubitatione
1691 2338 1771 2405 nelle,

127 2428 929 2505 sentrttpeceatumomntnononnabutttosamemqmm-
977 2432 1051 2504 quod
1063 2432 1133 2488 alter
1145 2432 1240 2503 posset
1257 2431 1394 2489 contraria
1409 2431 1588 2502 responsione
1606 2431 1770 2488 convellere.
1826 2422 1830 2429 ’

127 2515 926 2603 ristiberqticpeccctc,smoioutemfnctiltecfflom.uniti),
978 2519 1061 2591 cnjus
1075 2530 1129 2576 tam
1152 2522 1181 2576 in
1202 2520 1310 2577 decimo
1335 2519 1404 2575 libro
1426 2519 1460 2576 de
1472 2517 1572 2577 Genesi
1588 2518 1623 2574 ad
1642 2520 1770 2588 litteram,

127 2616 221 2664 tamen
236 2611 260 2664 ri
274 2609 415 2668 dixerimus
434 2614 495 2686 quic
508 2625 642 2687 persuum
655 2632 708 2672 nnn
722 2615 855 2683 unbem,
880 2634 928 2675 ιιι
978 2626 1060 2683 quam
1073 2611 1100 2667 in
1114 2610 1189 2668 libris
1207 2609 1241 2665 ad
1262 2609 1434 2667 vincentium
1454 2608 1592 2666 Victorem
1611 2607 1646 2665 de
1663 2608 1773 2681 Origine

127 2697 201 2766 ipsos
209 2699 367 2763 seducimur,
376 2710 401 2755 et
411 2703 505 2758 ueritus
516 2702 624 2758 innotis
631 2711 727 2760 nonest
736 2703 765 2776 (l
773 2705 852 2762 loen.
860 2706 938 2777 nbi„
956 2764 960 2779 ,
978 2703 1092 2770 ιιιὶιιιιι,
1117 2718 1167 2760 nec
1181 2719 1236 2760 non
1256 2703 1284 2758 ln
1298 2702 1368 2760 libro
1379 2702 1468 2774 primo
1488 2717 1524 2759 ex
1536 2701 1643 2760 duobus
1655 2716 1724 2773 quos
1738 2701 1772 2758 ad

106 2782 109 2787 ⁴
127 2787 215 2844 Adam
227 2796 435 2862 antepeccatum
447 2792 926 2866 nonbabnitsupersegrarejngum,
979 2804 1103 2885 qnqctum
1118 2794 1312 2869 Hieronymum
1327 2795 1436 2867 scripsit
1451 2793 1548 2867 (Epist.
1563 2794 1690 2859 eliasib,
1704 2811 1773 2851 nanc

129 2878 204 2951 qnod
214 2887 257 2935 est
270 2896 351 2952 snper
362 2880 432 2937 lilios
449 2881 506 2952 ejus
521 2899 536 2938 a
550 2882 594 2938 die
608 2884 697 2938 esitus
709 2884 743 2939 de
762 2891 856 2941 ventre
867 2900 928 2943 ma·
978 2888 1060 2963 too);
1075 2889 1103 2945 in
1118 2889 1204 2945 tribus
1212 2902 1321 2960 quoqm
1335 2886 1457 2958 epistolis
1469 2885 1604 2959 (impio.
1611 2886 1695 2957 circu
1704 2887 1772 2942 ulier

129 2970 181 3027 tris
191 2987 302 3038 eorum,
321 2988 407 3043 usque
420 2973 447 3028 in
460 2972 532 3028 diem
542 2972 687 3044 sepulturus
700 2973 728 3030 in
741 2984 855 3030 matrem
869 2989 929 3031 orn·
979 2978 1050 3048 lbi,
1065 2995 1134 3035 nuuc
1148 2976 1212 3048 titt)
1226 2992 1293 3049 quas
1307 2977 1341 3033 ad
1355 2976 1483 3048 Optatam
1496 2976 1653 3047 episcopum
1671 2975 1706 3033 de
1719 2975 1771 3031 bac

129 3060 316 3135 niumfficcti.
332 3062 427 3133 imi),
443 3063 571 3119 luridam
588 3070 651 3120 ante
664 3072 807 3136 peccatum
827 3065 928 3122 nullam
980 3067 1772 3141 qnaesuoneeomposnicdisputationeretntgetnenminus
1845 3076 1850 3083 '

128 3155 227 3212 babuit
239 3169 303 3224 caro
309 3157 634 3229 concupiscentiamque
640 3158 746 3230 spiritui
753 3168 926 3231 repugnaret.
980 3160 1092 3233 copiosa
1105 3175 1188 3231 quam
1202 3157 1349 3230 pictonum
1365 3167 1393 3214 et
1403 3172 1437 3215 eo
1451 3157 1536 3228 magis
1550 3157 1696 3225 laudabili,
1707 3157 1772 3230 quia

128 3245 178 3303 Sic
199 3246 271 3304 enirn
286 3246 400 3305 faciliter
412 3248 602 3305 dominabatur
622 3249 749 3331 corpori,
762 3250 832 3308 sicut
846 3251 928 3310 obse·
941 3242 966 3309 G
980 3264 1099 3320 congm
1123 3250 1255 3322 temperie
1275 3250 1427 3307 moderata.
1452 3248 1504 3306 Ubi
1522 3249 1651 3322 quidquid
1673 3251 1772 3323 ingenii

128 3337 268 3408 quebatur
281 3336 397 3396 lldciitcr
410 3339 554 3396 conditori.
571 3340 667 3399 Anima
682 3342 727 3398 iila
737 3342 872 3399 subditum
882 3344 929 3401 ba-
972 3334 1112 3409 ‘acumine
1131 3341 1261 3414 quidenid
1274 3341 1490 3400 ratiocinationis
1511 3341 1620 3410 ordino,
1643 3344 1772 3416 quidquid

127 3429 193 3484 buit
206 3442 320 3501 corpus,
345 3445 426 3501 qnam
448 3447 533 3502 purus
557 3431 613 3488 iren
632 3432 791 3503 subjiciebar
804 3433 925 3493 suemus.
972 3431 1148 3486 ,auctoritatis
1167 3430 1289 3502 pondero
1306 3430 1497 3500 inquirendum
1520 3431 1773 3506 discutiendumque

127 3518 210 3578 Nunc
224 3529 313 3578 aurem
331 3522 357 3577 in
368 3538 402 3579 co
417 3538 466 3580 nos
485 3537 538 3580 non
553 3522 672 3594 perfecte
686 3523 797 3582 obedire
812 3524 868 3585 beo
881 3541 928 3583 ιο.
978 3519 1132 3589 conspexit,
1140 3527 1169 3575 ιι
1178 3519 1317 3591 inquisivit
1328 3519 1509 3589 singulariter,
1522 3530 1550 3577 et
1561 3521 1696 3579 discussit.
1705 3522 1774 3580 Con·

127 3613 297 3681 gnoscimus,
314 3612 402 3684 inquo
417 3612 444 3668 in
457 3612 535 3670 nobis
548 3628 612 3669 caro
623 3614 789 3687 concupiscit
799 3615 928 3672 aduersus
978 3624 1089 3667 tensum
1104 3609 1240 3665 tamenab
1256 3618 1370 3681 utraque
1391 3610 1549 3668 defiuitione
1570 3613 1712 3681 continuit,
1737 3630 1773 3671 uc

126 3704 269 3775 spiritum,
290 3713 320 3761 et
341 3705 452 3776 spiritus
470 3704 599 3763 aduersus
612 3718 737 3773 carnem,
759 3714 855 3763 utnon
868 3719 927 3778 que
978 3699 1099 3756 laborem
1111 3699 1772 3779 unucdispmattonistoenitersnsctperebouem

127 3797 260 3854 velumus
274 3797 319 3852 itta
333 3797 473 3854 faciamus,
949 3816 952 3824 ·
978 3789 1123 3859 cuiuslibet
1133 3791 1276 3849 sententis
1289 3792 1434 3873 temeraria
1444 3793 1566 3852 delinitio
1578 3805 1715 3853 vacuaret.
1726 3797 1773 3854 Vi·

162 3889 252 3961 {4914
270 3888 315 3946 τι,
340 3888 464 3947 mosem
484 3905 549 3961 erqo
564 3891 642 3962 primi
661 3891 779 3949 hominis
797 3891 927 3962 majorem
978 3881 1060 3938 debat
1078 3896 1138 3937 eant
1152 3889 1268 3953 -partcm
1282 3897 1342 3954 qurc
1363 3881 1480 3940 affirmat
1503 3886 1620 3943 animam
1633 3887 1668 3945 de
1682 3887 1772 3944 anima

126 3979 227 4035 babuit
237 3995 349 4050 pacem;
363 3981 411 4036 sed
421 3996 492 4038 nunc
502 3981 615 4038 libertas
626 3980 744 4037 bdelium
755 3997 802 4053 per
813 3981 927 4052 gretiam
978 3972 1049 4030 sicut
1062 3988 1160 4045 corpus
1173 3973 1208 4031 dc
1224 3990 1340 4047 corpore
1353 3977 1512 4059 prqpagari,
1527 3986 1555 4034 et
1566 3978 1639 4035 illam
1653 3993 1713 4050 qum
1726 3994 1771 4037 as·

125 4072 267 4141 maiorem
277 4071 376 4141 accipit
388 4072 529 4129 caritatem
545 4089 552 4126 r
567 4071 605 4127 illi
617 4070 666 4127 luit
676 4087 786 4144 prorsus
796 4073 888 4143 quieta
898 4072 927 4128 in
979 4064 1044 4122 serit
1060 4080 1145 4123 noras
1156 4065 1268 4134 singulis
1281 4067 1452 4125 nmenfibiit
1465 4069 1569 4127 animas
1580 4069 1649 4141 fletis
1665 4080 1773 4128 ⁰⁰⁰¹*

124 4176 201 4233 pace
211 4160 326 4231 justitia,
351 4163 410 4218 istis
421 4162 539 4232 gloriosa
553 4162 632 4219 datur
645 4163 672 4218 in
686 4163 879 4234 congressione
893 4165 930 4221 vi·
979 4155 1027 4213 13⁸
1050 4170 1130 4227 9⁰⁵⁸&
1152 4157 1373 4229 responsionibus
1396 4159 1549 4217 submoueri
1566 4176 1702 4233 :quarum
1721 4177 1773 4235 pro

126 4252 231 4309 ctoria.
245 4252 333 4324 liajor
346 4267 412 4323 ergo
423 4270 495 4312 nunc
508 4253 589 4311 datur
601 4254 699 4326 gratia,
710 4254 774 4311 dum
787 4270 837 4326 per
847 4254 928 4312 tidem
980 4246 1061 4320 495
1073 4249 1236 4320 compendio
1250 4251 1443 4324 responsiones
1458 4254 1578 4325 singulas
1596 4257 1681 4314 series
1694 4256 1774 4328 buius

122 4346 246 4402 liberum
257 4355 398 4417 reparatur
412 4347 570 4415 arbitrium;
586 4356 708 4414 etcum,
724 4345 796 4404 dono
812 4344 873 4404 idei
888 4357 940 4419 nt·¹
981 4339 1071 4410 otieris
1084 4341 1187 4397 tenebit
1201 4341 1325 4398 insertas.

123 4452 182 4508 que
196 4435 320 4492 caritatis
335 4436 438 4504 intuso,
464 4437 567 4493 arbitrii
583 4438 667 4493 nostri
687 4437 759 4495 licus
772 4436 927 4509 reparatii-
1015 4430 1081 4488 Cra.
1098 4448 1153 4488 ιιι.
1168 4463 1205 4474 -
1218 4431 1262 4489 29.
1277 4432 1317 4489 illi
1331 4435 1432 4507 quippe
1451 4436 1498 4507 qui
1512 4451 1596 4493 noras
1610 4438 1713 4494 anbnas
1726 4454 1772 4496 ns·

122 4529 278 4595 bertntenr,
289 4529 329 4586 sic
339 4530 367 4584 in
376 4526 455 4586 nobis
465 4527 571 4600 perlicit
582 4528 608 4582 in
620 4527 776 4583 intirmitatc
789 4528 928 4585 virtutem.
980 4533 1075 4580 serunt
1095 4524 1208 4594 singulis
1222 4525 1294 4592 beri,
1311 4541 1372 4582 cnm
1391 4527 1445 4583 iliis
1465 4529 1565 4601 opponi
1587 4531 1702 4602 coeperit
1720 4545 1773 4602 qna

122 4618 203 4677 Santi
216 4619 291 4676 enim
304 4620 383 4690 primi
396 4619 513 4679 bominis
523 4608 635 4675 arbitrio
647 4618 868 4690 subrepsitruina
879 4633 929 4690 per
978 4611 1081 4682 justitia
1098 4611 1146 4668 Del
1159 4614 1248 4669 uuintu
1259 4629 1320 4684 qum
1335 4631 1405 4672 nom
1418 4617 1498 4674 datur
1513 4620 1621 4691 corpori
1631 4630 1774 4693 peccatum

121 4715 249 4779 ritium3
275 4720 304 4768 ut
324 4720 416 4768 autem
439 4713 467 4768 in
482 4711 636 4789 bominibus
654 4718 764 4768 sanetur
778 4709 927 4779 arbitrium,
981 4703 1113 4772 originale
1124 4702 1294 4771 trabat,cum
1305 4703 1774 4783 dehumaniseminispropagatione

120 4805 217 4875 major
232 4804 320 4876 gratia
334 4815 376 4861 cst
388 4804 489 4860 donata
498 4811 562 4875 post
575 4803 680 4859 vitium.
704 4800 743 4857 lta
767 4801 866 4858 iactum
888 4810 930 4859 est
980 4813 1035 4855 non
1051 4797 1156 4864 ueniat,
1173 4798 1284 4855 omnino
1298 4798 1435 4867 deliciunt,
1453 4800 1552 4874 duplici
1565 4804 1668 4861 scilicet
1680 4806 1774 4863 absur-

120 4907 153 4952 ιιι
164 4896 214 4952 ubi
226 4891 777 4965 abundavitpeccatum,sopembundaret
787 4900 815 4947 et
826 4891 926 4961 gratim
981 4888 1065 4945 ditate
1078 4887 1236 4955 constricti,
1258 4889 1322 4959 quia
1346 4890 1388 4947 rei
1404 4888 1487 4947 Deum
1508 4896 1684 4964 pronuntiare
1698 4910 1775 4955 com·

118 5008 155 5049 ac
169 5004 225 5063 per
240 4989 295 5045 boe
310 4989 451 5044 arbitrium
465 4989 538 5045 dono
553 4986 601 5042 liei
615 4993 759 5057 reparatur
774 5003 780 5038 :
798 4993 827 5042 et
839 4984 863 5040 si
874 4999 929 5041 non
981 4979 1119 5052 pelluntm
1141 4979 1285 5051 injustum,
1309 4981 1353 5037 vel
1374 4995 1474 5052 negare
1487 4993 1620 5054 coguntur
1643 4988 1775 5058 originale

118 5093 234 5141 ιιιιιιιιι
246 5080 330 5138 babet
341 5088 469 5153 quantam
482 5079 557 5152 prins
571 5077 666 5134 babuit
678 5076 823 5133 sanitatem
837 5085 865 5133 et
877 5090 928 5148 pa·
981 5079 1133 5144 peccatum
1147 5072 1244 5128 Anima
1257 5073 1329 5130 enim
1341 5089 1401 5144 ιιι
1412 5089 1466 5132 non
1478 5086 1644 5149 propagatur
1657 5089 1687 5135 ut
1698 5096 1775 5150 caro,

116 5191 198 5241 cern,
214 5172 349 5243 majorem
368 5181 460 5229 umen
483 5170 582 5241 accipit
599 5184 634 5225 ex
647 5167 773 5238 largitate
786 5168 927 5231 uirtutem,
983 5179 1038 5221 non
1058 5165 1138 5222 debet
1157 5180 1218 5222 cum
1233 5181 1314 5223 carne
1335 5167 1474 5238 originalis
1491 5173 1595 5242 peceati
1609 5176 1694 5231 moeri
1708 5190 1774 5237 con·

116 5280 151 5325 ιιι
167 5268 304 5325 voluntat
315 5264 435 5322 bominis
454 5277 514 5335 quse
528 5262 586 5318 solu
600 5260 754 5331 deceptoris
772 5260 898 5315 suasione
912 5273 928 5313 a
983 5257 1078 5325 sortio,
1092 5272 1124 5312 nc
1138 5259 1247 5328 perime
1259 5259 1393 5315 invenitur
1407 5275 1458 5318 nec
1470 5261 1592 5334 indigere
1607 5265 1776 5337 baptismatis

116 5362 183 5418 lieo
198 5359 380 5422 discesserat,
397 5370 478 5422 nunc,
489 5354 584 5425 gratis
598 5352 711 5409 subnixa
725 5351 863 5423 pracsidio,
874 5365 928 5406 non
983 5355 1161 5404 sacramento.
1174 5346 1243 5403 Etsi
1254 5348 1280 5403 in
1291 5350 1529 5421 paruuloquisine
1541 5354 1705 5426 baptismate
1717 5373 1776 5417 mo·

114 5451 220 5508 solum
235 5447 429 5513 suasionibus,
453 5444 500 5502 sed
523 5459 575 5501 nec
596 5441 738 5501 tormentis
755 5447 896 5514 separetur
913 5455 929 5496 a
984 5440 1063 5506 ritnr,
1076 5438 1133 5495 sola
1147 5453 1211 5495 caro
1221 5448 1263 5495 est
1275 5441 1380 5512 peccati
1391 5443 1528 5514 originalis
1542 5447 1703 5516 contagione
1715 5450 1776 5521 pol·

115 5544 253 5604 Christo.
275 5540 315 5597 lta
330 5540 455 5596 cbristus
471 5537 545 5595 Deus
561 5534 721 5592 mirabiliter
735 5533 853 5592 ostendit
865 5530 930 5604 quid
984 5530 1051 5597 luta,
1072 5538 1100 5587 et
1120 5530 1210 5587 anima
1224 5531 1421 5604 conbaptizati
1441 5533 1550 5594 infantis
1562 5537 1621 5596 sine
1635 5539 1777 5612 iniquitate

113 5636 253 5696 bumana
265 5634 352 5690 virtus
361 5629 461 5698 caleat,
472 5628 537 5702 quid
550 5627 641 5684 divina
656 5625 810 5692 rothomo,
824 5624 871 5695 qui
881 5639 930 5695 per
983 5620 1017 5678 de
1027 5621 1080 5678 boc
1092 5621 1191 5680 seculo
1201 5630 1312 5694 putatur
1322 5625 1397 5681 exire
1413 5644 1420 5681 ι
1434 5627 1538 5685 dicatur
1548 5630 1658 5688 ubinam
1669 5633 1704 5689 sit
1715 5649 1776 5706 par-

113 5725 270 5801 propriam
281 5722 544 5779 rolrtnlatemvietns
552 5727 594 5774 est
602 5732 694 5784 ιιιιιιι,
707 5725 817 5786 accepta
826 5712 929 5784 maiore
983 5715 1062 5771 sutus
1079 5714 1106 5770 in
1124 5717 1324 5773 resurrectione
1334 5716 1460 5774 ferturus?
1474 5727 1564 5777 utrum
1577 5722 1603 5779 in
1617 5739 1700 5795 reguo
1715 5728 1773 5792 Dei,

111 5819 219 5893 gratia
239 5831 296 5873 non
311 5815 434 5871 vincatur
450 5811 581 5870 inlinunt.
597 5810 688 5866 Virtus
709 5809 800 5879 itaque
812 5806 930 5865 bominis
984 5813 1096 5877 propter
1110 5805 1268 5860 munditiam
1287 5807 1336 5880 (cl.
1352 5808 1545 5883 innocentium)
1569 5813 1684 5882 animm
1699 5832 1733 5872 au
1747 5818 1774 5873 in

113 5928 186 6009 qm>
203 5910 341 5969 minorem
356 5905 452 5966 babuit
464 5904 595 5978 gratiam,
610 5910 709 5979 sponte
725 5901 795 5963 ricta
809 5899 927 5971 cecidit;
984 5899 1045 5989 igne
1057 5908 1159 5961 eterno
1169 5907 1281 5973 propter
1291 5900 1488 5959 immunditiam
1499 5903 1605 5963 carnis?
1618 5904 1776 5981 Ubicunque
