4056 6356
151 982 154 987 -
269 942 464 999 humanitatem
480 953 542 994 tere

190 2042 193 2047 Δ
270 1988 436 2045 Veientonem
449 1989 630 2043 nmnnomte

271 412 318 471 nr
587 354 595 377 ⁹
678 352 682 359 ⁴
790 399 818 458 s.
839 395 1020 455 succensu
1039 394 1192 456 crescon
1211 396 1398 457 suspensis
1859 398 1913 459 ῃ,

269 524 461 582 humanitatem
471 536 550 587 vero,
565 519 682 575 animam
695 513 794 573 Christi
815 511 977 568 rationalem
990 508 1060 579 ejus
1072 514 1101 576 Δ
1113 512 1210 567 blimes
1219 529 1227 579 3
1237 511 1284 566 ubi
1298 526 1393 567 servus
1406 513 1528 583 quisquis
1541 514 1587 570 bic
1600 511 1680 568 iidem
1695 508 1742 568 bei
1755 512 1783 568 iu
1797 514 1913 573 renem

269 596 331 651 dem
345 602 447 650 nature
459 607 519 648 esse
540 589 616 659 cuins
636 597 699 644 sunt
716 586 812 651 animm
830 581 950 638 omnium
963 580 1059 663 ⁸bomi-
1110 582 1239 649 tenuerit,
1251 594 1335 650 reguo
1349 584 1470 652 potietur
1485 591 1607 650 aeterno,
1622 583 1751 639 dominus
1763 586 1916 642 suumin*

269 679 345 731 num,
356 671 386 720 et
401 672 509 719 carnem
523 658 623 715 Christi
645 657 715 712 illius
730 670 789 711 csse
810 662 912 708 nature
926 665 1003 720 cutus
1017 659 1060 705 est
1112 653 1201 708 tidelis
1213 654 1383 722 sempiterno
1395 662 1524 710 exuretur
1547 654 1692 719 incendio;
1708 654 1752 709 ubi
1770 670 1914 712 sertorum

269 734 455 791 universorum
469 730 514 799 nui
529 728 563 784 de
577 728 665 798 primo
678 728 787 782 bonrine
800 724 932 793 originem
945 722 1056 778 ducunt
1112 722 1341 792 dominorumque
1367 721 1485 778 bdelium
1508 739 1559 780 nec
1574 724 1628 779 rita
1643 724 1842 792 terminabitur,
1858 743 1912 783 nec

268 801 340 872 Ergo
361 817 412 858 nec
429 799 547 854 animam
559 797 661 854 Clrristi
684 812 736 853 neo
762 809 874 852 carnem
896 791 976 848 tutius
997 806 1059 847 eum
1112 791 1342 858 letitiaiinietnr,
1360 791 1507 848 inlidelium
1523 809 1589 849 vero
1604 796 1662 849 sive
1686 808 1826 850 serrorum
1850 797 1916 852 sive

268 874 408 930 divinitate
426 870 546 939 eiusdem
567 884 601 924 ue
613 883 675 925 esse
695 875 807 931 nature,
833 864 896 935 quia
910 860 1057 937 secundum
1112 862 1913 935 dominorum,secundamsermonispropbeticireritaten,

548 883 615 1008 tipse
627 948 733 994 creatus
747 944 803 999 cst;
820 933 868 990 sed
883 930 1059 989 sicntdirini-
1113 933 1187 1007 ipnis
1200 948 1290 988 eorem
1313 949 1366 988 nors
1387 934 1579 1004 emungerent,
1590 945 1616 989 et
1639 936 1735 990 rumis
1753 950 1843 990 comm
1857 953 1915 994 m

268 1013 318 1066 tati
332 1011 390 1079 eius
410 1025 470 1065 eum
483 1008 563 1064 Patre
577 1016 605 1064 et
614 1006 718 1078 Spiritu
737 1014 831 1061 sancto
845 1011 888 1060 est
903 1002 994 1058 divina
1008 1015 1059 1056 ns-
1111 1004 1237 1060 merim
1252 1000 1329 1071 (leni.
1343 1019 1415 1069 extr,
1431 1002 1488 1074 tt).
1504 1003 1583 1060 lbrrnt
1593 1005 1666 1060 enim
1681 1004 1765 1076 iniqui
1779 1006 1912 1075 inignem

268 1090 329 1137 tura
343 1081 505 1146 eommunis,
526 1079 566 1134 sie
579 1080 675 1133 aoimte
687 1077 745 1147 eins
759 1084 787 1132 et
801 1072 910 1145 corpori
929 1070 1060 1153 naturalis
1111 1083 1253 1137 eternum,
1268 1076 1314 1142 nui
1330 1081 1440 1143 paratus
1449 1083 1491 1128 est
1505 1070 1613 1129 diabolo
1627 1082 1655 1130 et
1668 1074 1772 1145 angelis
1785 1075 1856 1145 elus.

269 1150 477 1207 estcommunio
491 1164 553 1205 eum
571 1148 712 1203 animabus
725 1154 753 1202 et
767 1144 925 1216 corporibus
947 1150 1057 1197 nostris.
1147 1142 1173 1197 l.
1194 1143 1371 1197 Attendamus
1393 1151 1484 1198 autem
1506 1144 1654 1213 nnus'illec
1675 1144 1802 1200 Salvator
1823 1146 1915 1203 intret

268 1220 321 1290 Qui
336 1220 476 1276 divinitate
489 1234 538 1274 soa
549 1234 658 1275 carriem
669 1226 750 1288 atque
761 1216 877 1272 animam
889 1211 1056 1269 credentium
1111 1226 1173 1270 esse
1195 1211 1373 1282 predixerit,
1389 1228 1490 1284 nempe
1508 1215 1570 1270 illes
1591 1214 1691 1285 odbtrr
1707 1216 1830 1281 dictem
1843 1225 1910 1271 est:

266 1291 296 1347 in
308 1306 347 1354 se,
372 1298 401 1345 et
414 1304 429 1343 a
443 1289 547 1361 peccati
566 1288 706 1353 dominio,
729 1295 758 1343 et
779 1285 813 1341 ab
836 1290 944 1339 aeternae
964 1281 1061 1338 mortis
1109 1283 1225 1345 Eturiui,
1239 1293 1264 1336 et
1275 1299 1327 1338 noo
1340 1283 1446 1337 dedistis
1458 1284 1522 1339 mibi
1536 1285 1695 1340 mnndocorc
1705 1303 1713 1352 ;
1725 1286 1806 1351 titini,
1817 1293 1843 1341 et
1857 1304 1912 1343 uos

267 1375 298 1418 tu
318 1360 399 1431 plicio
413 1360 496 1427 gratis
509 1359 549 1414 eri
568 1360 609 1414 uit
623 1357 769 1413 auterendo
783 1363 936 1426 pecrntnm.
1036 1421 1042 1433 ·
1111 1353 1219 1409 dedens
1232 1353 1296 1406 milri
1310 1352 1412 1417 litem
1426 1355 1511 1409 nudos
1535 1357 1588 1426 sei,
1603 1365 1628 1409 et
1652 1372 1704 1409 nort
1719 1354 1831 1411 restittit
1849 1370 1911 1425 πως

300 1376 329 1484 E
344 1429 401 1486 liae
414 1429 529 1485 eninrcr
564 1429 659 1484 utitate
673 1427 801 1492 munitus,
822 1440 878 1480 non
890 1421 1058 1488 obliviscens
1110 1424 1215 1495 lrorper,
1231 1430 1256 1476 et
1266 1438 1318 1477 uon
1331 1424 1481 1494 suscepistis
1496 1440 1552 1489 ηις
1575 1425 1697 1495 infirmer
1716 1426 1782 1480 crire
1792 1440 1909 1493 errem,

266 1500 385 1557 divinam
398 1499 610 1555 misericordiam
624 1498 668 1553 die
683 1504 819 1567 noctuque
839 1494 1000 1564 supplicare,
1013 1492 1059 1547 ob-
1110 1502 1138 1548 et
1150 1510 1202 1548 non
1217 1493 1323 1547 occinit
1343 1492 1380 1547 re
1392 1508 1433 1547 me
1457 1494 1467 1564 (
1475 1492 1572 1549 leui.
1594 1508 1659 1561 aar,
1672 1494 1735 1565 li).
1751 1495 1869 1561 Quodsi
1882 1498 1910 1553 ia

266 1586 376 1627 secrans
390 1570 525 1624 beatams
545 1584 588 1624 cnr
602 1569 721 1624 omnium
736 1566 905 1624 credentium
920 1564 998 1627 inse,
1011 1562 1058 1631 qni
1110 1564 1201 1633 ignem
1225 1570 1357 1627 eternum
1371 1562 1454 1632 digne
1476 1564 1599 1620 mittetur
1616 1567 1664 1636 nui
1687 1565 1796 1622 cbristo
1810 1565 1838 1620 iu
1853 1568 1910 1624 suis

266 1650 309 1696 est
321 1638 444 1695 Christus
457 1638 598 1706 Dominus,
609 1646 639 1694 ut
648 1639 728 1707 buius
742 1636 805 1692 ttdei
816 1636 958 1691 veritatem
972 1631 1057 1686 tlrmi·
1110 1633 1231 1689 minimis
1244 1634 1374 1689 esurienti
1388 1648 1486 1704 panem
1502 1650 1556 1689 non
1570 1634 1686 1702 dederit,
1700 1632 1766 1709 qnid
1778 1650 1909 1706 passurus

265 1717 310 1766 ter
329 1718 423 1767 terens
445 1708 655 1778 inviolatamque
678 1706 838 1763 custodias:
858 1704 920 1777 quia
942 1701 1058 1772 Spiritus
1111 1704 1210 1774 estqui
1226 1705 1313 1773 ipsum
1327 1703 1529 1786 panemequide
1544 1705 1613 1761 coelo
1628 1702 1844 1771 descendit,siltl
1859 1714 1909 1777 pet

266 1789 375 1837 sauctus
393 1779 517 1835 fidelibus
535 1793 565 1835 se
577 1777 784 1849 deprecantibus
801 1775 942 1845 copiosum
956 1772 1058 1826 submi·
1110 1773 1276 1829 infidelitatis
1286 1773 1381 1827 riuum
1397 1773 1509 1828 adimitl
1523 1772 1556 1829 Et
1569 1776 1592 1830 si
1603 1775 1631 1829 ln
1645 1774 1764 1831 {laeteris
1774 1777 1907 1857 pennel-

266 1847 363 1906 nistrit
376 1849 550 1918 adjutorium,
574 1847 643 1904 sicut
657 1849 788 1917 propbeta
810 1846 894 1900 dicit:
911 1841 998 1908 Prope
1018 1848 1059 1896 est
1092 1843 1160 1907 ,bus
1172 1852 1300 1914 epotetur
1312 1844 1360 1913 qui
1370 1842 1478 1899 Christo
1490 1845 1516 1899 in
1531 1846 1588 1900 suis
1608 1846 1727 1901 minimis
1739 1846 1844 1900 siuoati
1857 1862 1905 1901 ca·

266 1918 393 1975 Dominae
406 1917 524 1974 omuibus
539 1918 715 1999 innocentibus
731 1917 811 1989 533
826 1930 884 1989 eum
899 1915 926 1967 itt
939 1914 1056 1967 nummu.
1072 1914 1097 1977 Β
1111 1913 1190 1970 licem
1205 1928 1283 1985 aqum
1294 1913 1396 1983 irigidae
1410 1915 1577 1995 nou'tribuit,
1593 1915 1658 1986 quid
1673 1915 1717 1971 ille
1731 1915 1850 1987 patietur
1863 1910 1909 1985 qui

266 2059 329 2123 dier,
343 2068 368 2112 et
377 2059 461 2112 selom
476 2058 553 2127 societ
563 2070 618 2111 eor.
632 1989 765 2111 mantii?
786 1998 1058 2110 o'rtriretittegrtzrrreseffii-
1110 1981 1761 2125 ¹1¹?nztazgsreagrgssgittgpjrssuodszndcturrassatrgf'twng
1775 1982 1808 2039 ba
1826 1984 1911 2112 etitffitli²

282 2135 544 2194 carraccetenses·
558 2138 705 2198 percomta
717 2125 848 2196 disperdet
863 2123 949 2196 tren.
966 2138 1055 2185 cren,
1108 2131 1308 2180 sacramentnm
1326 2131 1426 2179 sancte
1444 2126 1662 2195 regenerationis
1679 2125 1802 2196 aceepit?
1823 2124 1860 2180 tu
1884 2126 1907 2183 si

265 2146 312 2256 qi,
327 2195 372 2257 ib,
387 2197 443 2267 tu).
468 2195 503 2250 Et
524 2197 621 2252 iterum
636 2196 687 2279 ipsi
709 2195 764 2251 lieo
780 2194 844 2250 dicit
860 2213 866 2248 :
881 2192 948 2246 Ecce
968 2208 1056 2246 omnes
1109 2194 1329 2249 illumcrsdimus
1344 2195 1510 2263 perennibus
1523 2195 1692 2252 subdendum
1713 2204 1907 2251 essetormen·

264 2270 308 2339 qni
328 2284 356 2322 se
374 2271 496 2339 elongant
514 2284 532 2320 o
553 2276 576 2321 te
597 2266 736 2338 peribunt:
769 2264 887 2320 crdidisti
909 2276 996 2316 ontnrr
1012 2262 1057 2345 qni
1107 2264 1144 2319 tis
1184 2265 1203 2318 ri
1216 2263 1351 2319 Christum
1364 2264 1390 2317 in
1402 2264 1458 2321 suis
1472 2266 1590 2321 minimis
1600 2265 1772 2337 peregrinum
1786 2265 1906 2336 bospitio

265 2339 428 2408 irretirentur
439 2339 485 2391 obs
499 2336 619 2406 tell’snl.
633 2349 716 2399 ιιιιι,
731 2283 788 2407 ις).
803 2334 987 2415 bessam
997 2341 1053 2415 art:
1108 2279 1219 2416 negiigit
1229 2335 1347 2416 caritate
1360 2336 1514 2403 suscipere,
1530 2334 1594 2407 ‘qnid
1633 2348 1760 2391 asserum
1781 2344 1906 2416 sepule-

264 2405 427 2462 detrorum
438 2404 932 2489 odbernebeoisrtestert,poneretu
946 2401 1055 2457 dommo
1107 2411 1176 2459 rent
1191 2419 1237 2473 qur
1252 2403 1543 2488 bominumdbristum
1558 2401 1592 2461 de
1643 2419 1688 2461 mo
1702 2406 1908 2488 strioordrtex·
1990 2474 1998 2495 1

228 2554 233 2563 ’
265 2493 337 2599 mg
347 2474 643 2615 ffissrilibg'idtffleo,
664 2543 701 2598 bii
723 2542 880 2609 carissime,
907 2542 975 2623 etin
994 2541 1055 2611 ipso
1105 2473 1420 2614 iegffisftdfflgrlte'tna
1437 2474 1903 2616 Ἒοέιὲεθίῗωᾳξιγιοὲἒῗῦοιιῇίιιιόιῗὲξὲἵ

264 2630 341 2686 spem
356 2624 428 2670 tuam
444 2624 502 2671 toto
516 2614 607 2680 corde,
622 2611 675 2670 bdc
689 2622 718 2669 et
731 2615 845 2670 caritate
867 2621 1010 2694 constitue.
1026 2611 1057 2665 ln
1107 2613 1306 2668 lirmnmcntum
1322 2614 1443 2671 veritatis
1453 2612 1482 2688 (1
1498 2614 1564 2671 Tim.
1582 2630 1619 2680 nt,
1637 2614 1694 2685 15),
1709 2616 1840 2671 heretica
1850 2617 1904 2670 cir-

264 2686 360 2740 militia
372 2685 463 2742 seculi
485 2684 583 2740 erbibe
602 2686 658 2761 regi
675 2693 783 2740 terreno
797 2684 876 2739 lidcle
898 2692 1054 2747 servitium,
1106 2683 1653 2742 cumrentuslslsltatediseeseeritlEtsi
1666 2686 1769 2755 ilenti
1781 2684 1905 2743 iniierunt

203 2755 207 2761 '
263 2756 326 2824 qaia
337 2755 484 2826 bocdiligit
495 2754 576 2822 lices,
589 2755 641 2810 boc
651 2753 920 2825 mandatbpostolus.
933 2751 962 2807 ln
973 2766 1054 2807 eausa
1106 2762 1187 2823 atque
1201 2755 1350 2811 incarcere
1364 2757 1467 2825 positos
1489 2755 1608 2813 famulos
1620 2756 1721 2812 Christi
1743 2771 1799 2811 non
1812 2756 1903 2812 visitat

263 2839 329 2881 vero
341 2825 412 2891 tldei,
428 2842 480 2896 uua
495 2824 616 2881 Christus
627 2840 677 2881 nos
687 2825 801 2880 redemit
811 2825 837 2879 in
852 2825 982 2893 sangnine
993 2836 1053 2886 suo,
1105 2824 1161 2948 {fini
1171 2825 1317 2896 deputatur
1331 2835 1513 2895 sempiterno,
1535 2826 1598 2897 quid
1621 2826 1674 2881 illis
1698 2822 1903 2883 retribuendum

263 2895 352 2951 omnis
372 2895 406 2951 de
417 2895 499 2951 corde
513 2903 606 2951 nostro
630 2896 712 2950 timor
735 2894 872 2949 abscedat.
895 2894 935 2947 ltli
951 2892 1055 2946 animas
1125 2895 1226 2950 ’ceruus
1236 2897 1282 2965 qui
1294 2890 1341 2951 Dei
1353 2893 1478 2961 famulos,
1491 2897 1517 2951 in
1550 2898 1627 2951 uibus
1641 2896 1906 2966 solnmperoeqnun·

262 2973 372 3021 nostras
396 2965 525 3023 debemus
547 2964 623 3034 cuins
648 2965 780 3033 sanguine
803 2963 935 3034 redempti
949 2978 1052 3017 sumus.
1106 2972 1150 3018 tur
1165 2964 1227 3020 lldei
1241 2965 1396 3031 veritatem,
1412 2973 1459 3021 aet
1474 2976 1539 3033 soen
1587 2978 1779 3031 eminerem,
1795 2973 1905 3021 antee-

262 3034 339 3090 lllem
353 3035 484 3091 mmmm
503 3051 558 3105 prm
572 3035 696 3091 omnibns
710 3034 821 3104 diligere
832 3050 916 3157 fluem
931 3033 1054 3088 norimus
1104 3035 1226 3090 siliceum
1242 3034 1435 3104 deputatinm
1447 3035 1581 3092 nolenter
1595 3035 1737 3107 aliligttnti
1750 3036 1806 3091 Sed
1819 3035 1846 3090 irr
1858 3037 1902 3090 bis

260 3113 414 3161 nostrarum
425 3107 574 3161 animarum
583 3105 823 3161 clementissimum
856 3104 1052 3172 edemptorem.
1105 3106 1232 3161 carnibus
1254 3103 1320 3162 licet
1347 3105 1469 3163 itrlideles
1492 3107 1613 3170 suriant,
1639 3106 1711 3162 licus
1734 3115 1820 3160 tamen
1843 3104 1900 3161 suis

260 3171 333 3231 lilius
345 3175 475 3233 debemus
485 3177 581 3231 timere
591 3190 645 3244 prm
656 3174 914 3241 omnibusmtemam
925 3185 1054 3228 eruerant
1105 3175 1235 3229 auxilium
1255 3175 1451 3231 subministrat.
1468 3172 1502 3231 Et
1515 3176 1578 3231 dum
1592 3177 1692 3231 inimici
1708 3176 1767 3230 lldei
1780 3182 1827 3229 aut
1839 3175 1900 3230 cai·

259 3254 433 3327 potestatenr,
448 3260 530 3316 quem
553 3252 697 3300 venturum
717 3243 1053 3314 speramnsaequissimnm
1105 3242 1158 3298 llda
1171 3256 1307 3314 quemque
1320 3246 1481 3307 seductione
1504 3250 1552 3300 aut
1576 3247 1697 3302 violem
1715 3245 1906 3315 etnpeitien

259 3316 385 3384 redmem.
396 3315 470 3371 bees
483 3315 613 3371 deminus
633 3315 766 3383 promissa
780 3323 838 3370 toto
851 3313 949 3369 allecte
963 3312 1053 3368 contis
1067 3297 1090 3361 C
1105 3316 1218 3385 eripiunt
1230 3315 1389 3385 depravare,
1401 3312 1534 3383 Gbnstus,
1546 3318 1592 3387 otti
1604 3325 1647 3373 est
1656 3318 1743 3372 virtus
1751 3324 1781 3371 et
1791 3315 1902 3387 sapien·
1933 3358 1941 3375 f

258 3395 396 3456 appetere,
412 3386 458 3455 qui
471 3392 562 3455 potest
576 3385 709 3441 abimeel
722 3385 832 3456 corpori
851 3384 954 3441 donare
967 3383 1051 3438 vitam
1105 3384 1144 3440 tia
1157 3385 1217 3451 ilci,
1233 3387 1361 3441 virtutem
1374 3387 1468 3442 tribuit
1485 3394 1514 3442 ut
1530 3386 1675 3443 mortifere
1688 3384 1826 3442 suasionis
1839 3398 1902 3469 pro-

258 3464 395 3511 mternam.
408 3455 481 3511 lilius
494 3455 624 3511 debemus
637 3455 733 3510 timere
748 3454 926 3519 iracundiam,
946 3454 993 3524 qui
1003 3468 1054 3524 pn·
1106 3455 1189 3510 missa
1199 3455 1247 3511 des
1268 3457 1360 3524 iciant,
1369 3465 1397 3511 et
1412 3454 1560 3512 terroribus
1573 3455 1697 3512 humanis
1707 3454 1809 3512 robore
1821 3454 1902 3511 dirim

257 3533 312 3581 test
324 3525 442 3582 animam
468 3533 495 3581 et
523 3538 623 3595 corpus
648 3526 755 3581 mittere
777 3526 804 3580 in
825 3524 974 3594 gebomram
997 3523 1056 3604 ‘j'
1106 3524 1213 3580 timoris
1227 3471 1359 3581 oiststant
1374 3545 1380 3580 ι
1397 3533 1501 3581 tantum
1515 3535 1557 3583 est
1571 3534 1602 3581 nt
1617 3528 1742 3593 relmtss
1755 3538 1815 3581 nun
1827 3538 1903 3581 aaa·

257 3595 677 3666 ctrjrrsjudieinsiecaeceptione
721 3594 1055 3663 nonarumsineambrttl
1105 3601 1209 3650 toturn
1235 3595 1547 3668 Deo,ctlldeipr1emio
1560 3597 1689 3666 pnlsent.
1704 3596 1902 3668 lpsaestenim

256 3674 421 3737 potestatum
436 3667 577 3738 nouslber
593 3666 687 3735 iudica
707 3674 787 3722 untur
799 3665 901 3721 domini
925 3673 953 3720 et
971 3663 1053 3729 servi,
1107 3666 1152 3721 rai
1166 3673 1214 3721 tut
1227 3680 1277 3736 pro
1299 3666 1457 3723 inlidelitate
1473 3665 1603 3737 infligitur
1624 3675 1728 3723 aeterna
1746 3681 1840 3737 prena,
1855 3675 1902 3720 aut

256 3749 335 3807 reges
348 3745 376 3792 et
394 3737 503 3804 milites,
518 3736 616 3793 divites
628 3745 656 3792 ct
674 3750 819 3805 pauperes,
835 3735 951 3791 bumilcs
965 3741 993 3791 et
1007 3748 1055 3790 sn·
1107 3744 1222 3792 serram
1235 3737 1297 3792 tidei
1310 3745 1418 3793 merces·
1428 3737 1481 3794 erit
1495 3737 1660 3808 sempiterna
1674 3737 1776 3792 letitia.

772 3982 843 4095 s.
882 3976 1388 4096 rnunennn
1471 4057 1476 4065 .

574 4169 729 4287 nno
786 4168 981 4286 niun
1044 4166 1578 4317 cunnottcn,

658 4353 866 4417 inversus
887 4350 1041 4415 rrnrsu
1059 4346 1281 4463 ettenorum
1299 4346 1504 4427 sutanum,

898 4480 1043 4564 LIBER
1082 4482 1237 4562 UNUS.

283 4708 365 4787 m
383 4711 409 4766 l.
424 4708 576 4765 mmo
595 4707 659 4765 teet
669 4707 830 4765 ltdissimum
840 4708 1045 4767 fundamentum
1057 4717 1084 4780 Ι)
1098 4707 1245 4772 eredimus,
1253 4704 1398 4774 laudantis,
1405 4704 1561 4763 dicimEert
1569 4708 1690 4779 proemia
1700 4725 1762 4765 m
1775 4722 1905 4786 tam

195 4878 197 4883 Ι
248 4804 452 4882 pnsthristum
462 4801 600 4874 apostolos
610 4809 763 4869 essmeertt
771 4801 959 4860 bdcitestatur
972 4806 1043 4861 inte·
1097 4804 1180 4859 lilium
1194 4804 1220 4857 in
1235 4802 1320 4858 medlo
1344 4803 1481 4875 spinnntrrt
1503 4802 1590 4875 (Cotti.
1606 4818 1636 4873 tt,
1649 4805 1681 4877 S)¹
1696 4822 1705 4860 r
1720 4808 1786 4877 (pis
1800 4808 1901 4868 diva·

247 4888 342 4970 ybas:
351 4909 432 4967 duam
442 4894 589 4960 rationem,
599 4891 656 4964 ipsa
665 4890 776 4948 forsitan
782 4892 976 4963 predicatione
982 4910 1042 4951 ces-
1095 4908 1184 4951 sarum
1197 4895 1331 4950 heresum
1345 4893 1517 4964 dogmatibus
1536 4894 1597 4966 eim
1611 4896 1754 4968 iemgrltas
1767 4908 1906 4974 unqu.

246 4996 335 5059 suete,
347 4985 559 5045 oeeelttrnssein
571 4984 766 5055 qumcperatio
781 4983 899 5056 Spiritus
913 4987 998 5042 saneti
1014 4987 1041 5042 in
1094 4990 1179 5060 spinis
1190 4988 1311 5058 quotidie
1325 4989 1463 5059 pungitur,
1475 4998 1505 5046 ut
1524 4998 1619 5046 contra
1633 4992 1726 5049 boetus
1737 5003 1815 5054 ‘suos
1830 4998 1905 5068 sigi-

245 5082 381 5140 mcntibus
393 5079 513 5136 tidellmn
525 5078 659 5133 seminata
674 5084 757 5148 ateste
770 5087 899 5135 concreta
912 5079 1039 5136 insinuat.
1094 5080 1154 5135 lans
1174 5086 1345 5147 exerceatur,
1360 5080 1448 5136 donec
1470 5080 1594 5140 eminente
1611 5089 1742 5153 mturare
1764 5086 1858 5144 iillum
1874 5090 1906 5148 in

244 5177 313 5244 Quis
322 5183 415 5232 manen
436 5172 508 5228 bene
526 5169 694 5227 credentium
718 5169 825 5240 ignorat
838 5171 901 5242 qnia
925 5171 1041 5229 bmreses
1093 5171 1181 5241 capite
1191 5170 1283 5240 sponsi
1297 5170 1337 5227 sui
1348 5170 1465 5229 candore
1475 5171 1534 5243 ipse
1542 5172 1696 5231 deseretur,
1893 5182 1899 5187 “

244 5266 384 5323 omncsde
394 5263 534 5322 Eatboliea
544 5262 680 5328 exierunt,
695 5270 822 5333 unquam
832 5270 968 5320 sarmenta
980 5265 1038 5321 inu·
1127 5262 1154 5318 2.
1177 5263 1274 5318 ilerum
1284 5264 1347 5333 quia
1361 5262 1482 5333 quidam,
1498 5267 1611 5337 proprio
1624 5266 1823 5342 spiritatem,
1840 5274 1907 5345 qt
1923 5260 1927 5267 ’

243 5358 301 5419 tliia
323 5358 358 5414 de
371 5357 430 5413 tite
444 5353 587 5427 proiecta?
600 5352 662 5425 lpse
685 5362 777 5410 autern
788 5363 881 5411 manet
901 5355 928 5411 in
949 5355 1040 5415 radice
1094 5355 1153 5412 lidei
1168 5357 1288 5413 cultores
1301 5354 1502 5414 llomousianos
1511 5359 1557 5415 rel
1570 5358 1836 5424 llnisubstentianos
1849 5382 1905 5425 vo·

243 5463 305 5519 sua,
327 5448 355 5503 in
368 5446 424 5504 rite
437 5461 496 5513 sua,
512 5444 1040 5514 incertumincaeptum
1094 5453 1196 5510 candos
1209 5468 1269 5510 esse
1292 5452 1473 5527 praesumpsit,
1488 5456 1547 5528 eja
1567 5458 1905 5534 mm

242 5556 299 5598 non
309 5539 706 5614 praemlebentadsersnseam
718 5534 826 5611 (batti.
844 5554 898 5605 xm,
913 5537 974 5611 li).
989 5537 1037 5596 Ec·
1092 5543 1165 5599 ditm.
1181 5542 1283 5599 Tantus
1297 5542 1369 5599 enim
1384 5558 1415 5601 ac
1441 5544 1501 5602 talis
1515 5554 1558 5603 est
1579 5550 1754 5622 omnipotens
1764 5551 1859 5623 Dm,
1873 5562 1907 5612 ιι

244 5632 327 5689 clesia
344 5647 407 5700 ena,
418 5631 540 5690 Ecclesia
550 5646 628 5699 vera,
644 5627 764 5686 Ecclesia
778 5629 928 5696 catholica,
944 5639 1038 5688 contra
1051 5703 1063 5717 ,
1092 5646 1141 5703 per
1153 5633 1238 5690 malos
1251 5634 1408 5707 rsonundet
1418 5634 1505 5703 bona;
1521 5639 1591 5695 sicot
1601 5654 1650 5711 per
1663 5638 1827 5712 pennice:
1839 5658 1907 5707 ιι.

243 5722 465 5780 omnesbrereses
478 5736 610 5793 pugnans,
623 5735 745 5791 pugnare
767 5728 869 5790 potest,
889 5725 1038 5792 expugnari
1091 5723 1146 5778 lum
1159 5722 1249 5793 (loon.
1265 5739 1304 5787 n,
1319 5721 1381 5808 lb),
1398 5731 1497 5778 nostrre
1523 5726 1719 5799 redemptionis
1741 5731 1906 5802 predicere

242 5827 297 5868 non
310 5817 398 5881 potest
410 5828 416 5864 ι
430 5810 464 5865 de
475 5826 527 5879 qua
541 5808 670 5866 Salomon
681 5809 709 5864 in
720 5808 840 5865 Canticis
857 5811 1035 5879 canticorum,
1090 5815 1267 5880 dignatusest
1279 5816 1706 5892 sacramenturn.lsntrnquequi
1722 5824 1813 5895 ipsunt
1828 5843 1906 5884 eon.

242 5915 401 5963 ernemona
415 5900 517 5959 Christi
530 5914 607 5958 suam
621 5913 760 5971 sponsam,
781 5915 862 5970 quam
885 5900 1035 5962 Ecclesiam
1088 5907 1156 5967 didit
1179 5908 1297 5969 libellum
1327 5923 1397 5966 stela
1419 5916 1511 5968 mente
1535 5921 1716 5990 conceptum,
1730 5919 1905 5989 connium
