4064 6344
268 371 321 425 tua
770 367 798 423 s.
818 366 999 424 rocosum
1019 330 1171 425 sarsc'on
1189 367 1375 427 ausaausrs
1411 376 1415 382 ·
1840 377 1894 433 aut

267 479 337 536 coelo
347 486 486 546 uenturus,
495 477 627 534 ascendit:
640 478 686 547 qui
696 492 747 534 uec
758 477 878 534 deseruit
887 476 984 534 caelum
994 492 1054 533 cum
1068 484 1092 543 Α
1107 469 1275 549 passionibus
1289 489 1369 551 atque
1382 482 1523 539 virtutibus
1532 498 1584 539 nec
1595 484 1733 541 conlundit
1742 484 1809 542 lldes
1820 504 1895 558 rara,

266 575 294 628 in
309 581 380 627 terra
395 570 501 627 caruem
526 569 640 639 accepit,
665 577 692 624 et
715 584 798 624 carne
819 568 1004 624 conscendens
1026 568 1053 622 iu
1106 585 1155 623 uec
1169 570 1274 637 dividit,
1288 572 1349 640 quia
1375 574 1524 642 personalis
1538 575 1627 630 unitas
1641 576 1666 628 in
1682 590 1716 631 eo
1735 576 1895 637 diuisionem

265 661 363 717 coelnrn
377 675 441 717 suos
454 661 480 714 in
494 666 564 713 terra
578 658 718 713 diuinitate
732 674 785 714 non
800 657 919 715 deseruit
945 657 992 728 (ct.
1007 655 1055 711 de-
1106 677 1159 714 aron
1174 664 1278 732 recipit,
1302 672 1329 717 et
1349 665 1487 734 utriusque
1509 675 1612 721 uratur-c
1633 653 1731 721 uerit'as
1754 667 1894 725 brcouiusa

264 752 352 819 serit).
372 748 429 804 iioc
441 748 513 804 enim
524 748 657 818 promisit,
670 748 777 805 dicens:
791 747 859 802 Ecce
868 764 915 819 epo
925 747 1055 802 uobiscum
1105 752 1234 820 persistit.
1256 750 1377 807 Traditus
1386 763 1424 808 est
1438 758 1509 810 enim
1521 756 1591 812 licus
1601 757 1724 814 Christus
1732 768 1836 829 propter
1847 763 1893 814 de·

175 846 182 858 ·
264 838 451 896 remorabitur
465 839 642 911 dicimusque
656 839 691 893 ud
704 840 950 893 consummationem
966 837 1054 892 saculi
1104 842 1165 897 lictu
1179 853 1277 909 scorteu,
1293 847 1356 914 quia
1366 861 1445 901 uerus
1461 848 1542 904 bomo
1556 856 1615 913 est;
1630 856 1659 903 et
1672 852 1811 905 recurrerit
1823 852 1893 906 idem

265 930 373 1001 cuaut.
386 946 479 995 ιινιιι,
491 930 549 1002 2⁰)-
565 930 646 986 ’neus
658 943 724 998 ereo
738 930 784 987 tue
799 930 879 1001 quiin
893 928 979 986 sarua
994 929 1052 994 bei,
1104 935 1186 990 nonno
1198 935 1321 992 cbristus
1333 927 1657 1011 prosequutionem
1672 953 1787 997 nouarum
1803 941 1892 1015 (uon,

263 1021 410 1077 secundum
436 1021 508 1076 beati
523 1019 666 1077 Hieremiae
675 1012 850 1089 vaticinltdmi,
871 1018 985 1089 itaquae
1003 1028 1052 1084 etl,
1103 1024 1536 1096 1v‚25)‚quial)eusverusest,
1557 1028 1612 1084 Nisi
1632 1030 1703 1085 ellim
1721 1030 1792 1086 idem
1813 1047 1893 1087 verm

233 1186 237 1193 ῃ
262 1119 288 1164 et
301 1126 352 1165 nou
370 1108 446 1164 iubet
457 1110 554 1181 finem,
577 1109 695 1165 essebur
713 1119 739 1163 et
759 1110 919 1172 iuuentuti
943 1107 978 1162 de
998 1121 1053 1176 (luo
1104 1111 1202 1170 lleosi
1221 1116 1482 1184 bumouerusesset‚
1494 1118 1562 1183 tradi
1575 1119 1698 1189 morique
1717 1135 1770 1175 non
1783 1129 1893 1190 possem

263 1202 346 1256 miani
359 1202 442 1271 paulo
456 1211 518 1272 post
532 1202 603 1257 idem
617 1203 750 1273 propbeta
764 1202 845 1258 dicit:
862 1200 913 1255 llic
930 1211 969 1256 est
984 1200 1053 1255 neos
1103 1205 1216 1265 elidem
1230 1222 1311 1264 verus
1322 1208 1413 1273 bomo,
1428 1209 1451 1264 si
1466 1224 1545 1264 uerus
1558 1208 1630 1265 ileus
1643 1226 1696 1266 noa
1707 1220 1788 1276 esset,
1803 1227 1893 1267 resus-

263 1302 359 1359 nuum,
371 1304 399 1347 et
414 1292 650 1349 naamatimabitatr
664 1295 731 1348 clius
747 1295 782 1349 ud
793 1311 851 1348 eum
862 1310 871 1347 .·
884 1293 1019 1348 adiuvenit
1039 1300 1053 1330 ι
1103 1298 1188 1353 citare
1201 1300 1374 1369 semetipsum
1384 1300 1480 1356 solutis
1496 1298 1591 1355 interni
1605 1300 1743 1356 doloribus
1757 1302 1892 1371 nequivis-

263 1404 364 1442 oruueut
377 1386 610 1458 uicmdimiplinoe‚
621 1395 646 1440 et
663 1386 736 1441 dedit
746 1384 983 1457 comiacobpuero
995 1400 1051 1449 ruo,
1103 1394 1155 1441 set.
1174 1384 1229 1443 Sed
1242 1388 1305 1456 quia
1320 1402 1374 1443 aon
1388 1397 1431 1443 est
1443 1389 1512 1444 alter
1535 1389 1615 1454 Deus,
1638 1389 1706 1445 alter
1727 1390 1821 1459 bomo,
1844 1392 1892 1447 sed

261 1476 386 1532 atltruel
399 1476 492 1532 diiecto
510 1493 556 1531 auo
573 1476 699 1545 idumei,
712 1494 750 1543 ιιι,
768 1477 813 1541 56,
835 1476 902 1546 llll:
928 1475 999 1545 ipse,
1013 1490 1054 1531 se-
1103 1475 1174 1532 idem
1187 1493 1258 1533 unus
1271 1477 1446 1535 csthristus
1460 1471 1531 1535 Deis
1544 1488 1572 1535 et
1585 1480 1677 1549 bomo,
1690 1482 1811 1551 proiecto
1822 1483 1892 1539 idem

262 1567 378 1625 cundum
392 1569 505 1623 turmam
515 1568 599 1634 servi,
624 1568 651 1623 iu
665 1583 718 1638 qna
736 1568 886 1622 minoratus
908 1574 950 1621 est
972 1566 1051 1636 paulu
1102 1564 1174 1621 Deus
1186 1566 1310 1622 cbristus
1322 1574 1364 1623 cst
1377 1568 1423 1637 qui
1436 1577 1550 1623 mortem
1567 1584 1613 1623 sna
1625 1584 1706 1625 carne
1719 1572 1847 1640 suscepit,
1862 1580 1892 1626 et

261 1659 351 1713 minus
371 1659 406 1713 ab
430 1658 545 1727 augelis,
563 1657 628 1713 Post
641 1659 716 1721 bec,
732 1658 811 1713 >sicut
835 1657 904 1712 idem
919 1657 1051 1727 propbeta
1103 1656 1173 1713 idem
1187 1657 1269 1713 bomo
1283 1657 1406 1715 cbristus
1425 1667 1467 1714 est
1484 1660 1530 1729 qui
1544 1667 1658 1715 mortem
1682 1675 1731 1715 soa
1752 1661 1892 1716 divinitate

261 1748 375 1813 dicique
391 1750 466 1803 terris
479 1750 612 1813 natusest,
625 1760 717 1804 etcum
728 1747 873 1804 lrondnitus
887 1759 1051 1813 corioerscnra
1103 1748 1244 1804 destruxit.
1264 1747 1338 1805 Idem
1353 1750 1453 1820 quippe
1465 1745 1588 1806 caristus
1598 1751 1645 1806 Dei
1658 1751 1752 1818 Filius,
1765 1753 1812 1821 qui
1824 1751 1892 1808 diri-

260 1837 408 1911 esclilu‘d„
424 1839 480 1909 58).
501 1839 589 1909 ipsum
603 1840 739 1894 bominem
749 1840 891 1895 mortalem
901 1846 1050 1908 atquemu·
1067 1839 1188 1907 puritate
1201 1840 1270 1895 niori
1284 1854 1338 1894 uon
1361 1840 1463 1908 potuit,
1485 1855 1568 1896 carne
1591 1849 1711 1898 mortuus
1727 1849 1787 1909 est,
1810 1856 1892 1911 quara

261 1928 372 1983 tabilem
387 1928 508 1984 inlideles
526 1929 667 1994 viderunt,
690 1943 771 1997 quem
785 1928 870 1984 ileum
894 1928 1052 1984 naturaliter
1104 1930 1245 1986 mortalem
1255 1928 1326 1985 Deus
1339 1930 1499 1986 immortalis
1508 1931 1622 2002 accepit.
1642 1930 1676 1986 Et
1685 1932 1756 1988 idem
1769 1932 1892 1989 Christus

260 2019 439 2073 immortalem
454 2026 535 2086 atque
548 2018 793 2075 incommutabilem
814 2018 860 2073 illi·
874 2018 976 2074 mundo
990 2033 1051 2074 cor·
1102 2021 1150 2077 liei
1161 2020 1244 2077 Filius
1257 2035 1339 2093 carpe
1354 2030 1477 2077 mortuus
1491 2024 1654 2090 resurrexit,
1668 2025 1732 2094 quis
1752 2024 1891 2080 immorta-

259 2112 294 2166 dc
308 2113 390 2169 rismi
404 2120 477 2179 mut,
502 2113 549 2181 qui
563 2127 635 2168 nunc
655 2112 683 2166 in
703 2126 765 2166 enm
780 2111 914 2167 ueraciter
927 2110 1049 2167 credunt.
1101 2113 1205 2169 litatem
1218 2127 1273 2168 sum
1286 2112 1432 2168 divinitatis
1448 2127 1528 2169 carne
1542 2124 1663 2170 mortuus
1674 2130 1728 2170 nou
1738 2116 1839 2171 amisit,

259 2201 340 2257 Fides
347 2202 507 2256 enim-uera
520 2216 591 2257 nunc
603 2201 683 2256 corda
699 2200 838 2257 bominum
850 2201 971 2266 mundat,
991 2215 1050 2271 quau
1137 2203 1182 2258 sn.
1202 2202 1271 2261 ilinc
1280 2212 1322 2260 est
1332 2203 1404 2272 quod
1415 2203 1497 2259 ctiam
1508 2212 1569 2274 post
1578 2207 1805 2261 resurrectionem
1815 2222 1892 2263 scara

260 2292 368 2363 capacia
402 2292 519 2347 ridendo
542 2292 597 2348 lieo
620 2291 705 2361 gloria
727 2291 823 2348 loturae
846 2291 1050 2348 resurrectionis
1101 2297 1171 2353 sicut
1185 2297 1212 2351 in
1225 2295 1393 2369 cicatricibus
1407 2295 1489 2363 ueris,
1504 2296 1568 2350 etin
1581 2297 1822 2355 ueracornestioue
1835 2299 1893 2368 pis-

260 2383 387 2439 exblbeat
401 2384 426 2439 l.
1100 2391 1140 2445 cis
1154 2397 1182 2444 et
1200 2387 1287 2443 mellis
1302 2387 1466 2444 soliditatem
1480 2387 1508 2440 in
1525 2401 1554 2441 se
1570 2402 1641 2442 rere
1652 2388 1741 2442 carnis
1759 2387 1893 2456 edocuit,

263 2497 265 2502 ’
296 2478 374 2549 297
387 2476 452 2532 Cll-
471 2494 506 2532 ¹¹·
527 2477 596 2532 Vm
610 2479 676 2549 fidet
692 2496 773 2534 cnon
791 2478 955 2549 eamdemque
974 2476 1049 2532 Cirri-
1101 2483 1137 2538 ita
1151 2478 1250 2537 clausis
1263 2477 1367 2535 loribus
1381 2477 1544 2547 ingrediens,
1566 2493 1658 2533 ueram
1675 2480 1702 2534 in
1719 2493 1749 2534 se
1764 2479 1892 2535 uirtutem

260 2560 337 2632 litim,
357 2584 442 2622 uerum
468 2566 596 2622 ileumet
616 2585 703 2624 omum
725 2569 855 2624 bominem
875 2568 967 2621 credit.
995 2567 1050 2622 ilc-
1100 2572 1273 2642 sempiternae
1286 2569 1433 2626 divinitatis
1451 2569 1585 2624 ostendit:
1614 2577 1643 2623 ut
1657 2578 1893 2639 agnosceretur-et

260 2675 339 2712 manc
357 2657 476 2713 Ecclesia
496 2661 590 2714 usundi
600 2675 731 2714 commen.
751 2668 795 2699 -’
811 2657 850 2712 tu.
868 2657 934 2724 Qua
947 2668 988 2713 est
1002 2672 1051 2712 au·
1101 2661 1230 2719 naturalis
1242 2660 1323 2717 luisse
1336 2659 1434 2715 Christi
1449 2660 1748 2728 morientisiniirnritas,
1762 2662 1892 2719 eneruem

261 2762 316 2804 tem
339 2764 402 2805 uera
429 2750 508 2816 tides,
534 2753 689 2808 nisiunum
711 2750 892 2821 eumdemque
913 2749 1048 2806 Christum
1100 2754 1251 2823 resurgenti
1272 2753 1403 2808 naturalis
1425 2753 1514 2808 inesse
1526 2751 1661 2821 maiestas.
1682 2753 1747 2809 lude
1761 2752 1891 2819 Thomas,

260 2857 352 2896 aerum
369 2842 451 2897 ὓιιιιιι
481 2858 627 2913 rerumque
640 2843 776 2899 bominem
790 2843 849 2898 sine
858 2843 955 2914 aliqua
972 2842 1050 2899 hacsi-
1100 2847 1166 2901 dum
1180 2845 1280 2914 injecta
1295 2843 1540 2913 manajobeturiu
1556 2845 1892 2902 lateremortoiacresur·

261 2941 364 2996 talione
388 2942 520 3007 credere;
548 2957 632 2997 unum
654 2941 831 3010 camdemque
851 2940 979 3007 1¹0?ssoe
993 2941 1050 2997 [leo
1100 2936 1188 3004 geratis
1200 2933 1301 2995 Christi
1315 2934 1456 2989 veritatem
1470 2935 1588 2990 urilueris
1602 2935 1729 3006 ciperiri,
1750 2951 1842 2992 reram
1864 2937 1892 2995 in

260 3032 407 3087 secondum
420 3034 595 3098 ‹liuluitatem
621 3043 649 3088 et
663 3033 819 3103 dellirginc
843 3032 926 3087 llarla
951 3048 1049 3089 secuu-
1101 3027 1154 3082 illis
1167 3027 1338 3082 cicatricibus
1352 3026 1480 3096 patieritis
1493 3042 1525 3081 ac
1538 3029 1702 3095 resurgentis
1713 3029 1840 3085 virtutem
1850 3030 1893 3085 di

261 3123 325 3178 dour
333 3126 579 3194 carurcchnitum
594 3123 1050 3194 omuicarestnpcstoticaquppe
1100 3118 1219 3173 vinitatis
1233 3131 1391 3186 agnoscens,
1416 3116 1443 3171 in
1456 3131 1511 3186 qno
1524 3118 1606 3188 293
1618 3116 1728 3193 jubetpr
1747 3126 1777 3172 ut
1797 3119 1893 3175 claro·

262 3221 375 3268 testatur
400 3215 544 3269 auctoritas
568 3216 630 3284 quia
658 3231 728 3270 uuus
751 3214 876 3283 idemque
901 3222 944 3268 est
971 3213 1047 3269 Cbri·
1061 3212 1085 3275 C
1099 3223 1160 3265 rum
1174 3209 1233 3263 loca
1254 3207 1344 3277 digitis
1358 3214 1459 3275 tangat,
1485 3206 1571 3277 ipsum
1596 3207 1736 3262 murinum
1757 3208 1893 3265 aclieum

260 3312 317 3359 stus
335 3321 368 3358 ea
388 3305 505 3375 putribus
521 3304 660 3359 secuudum
684 3320 807 3367 curnem,
833 3304 878 3371 qni
902 3313 944 3358 est
968 3320 1048 3375 super
1099 3315 1176 3354 munt
1192 3297 1261 3353 lideli
1276 3296 1445 3354 consessione
1456 3297 1623 3367 pronuntiat,
1637 3298 1747 3357 dicens:
1763 3298 1895 3354 domim

259 3397 347 3449 cnrnic
362 3394 433 3449 Deua
447 3393 594 3451 benedictus
605 3397 633 3461 in
644 3394 740 3450 sccuiu
757 3393 847 3463 (Ruri.
864 3410 902 3459 rx,
918 3395 963 3469 iil:
980 3412 1048 3450 otrus
1099 3406 1181 3455 mma,
1194 3397 1219 3443 et
1233 3387 1302 3442 licus
1312 3403 1384 3442 meur
1395 3388 1405 3442 l
1426 3388 1542 3458 saracin
1555 3389 1627 3444 enim
1643 3404 1698 3444 non
1712 3390 1824 3445 alterum
1839 3406 1895 3461 per

259 3486 385 3558 idemque
399 3489 582 3559 cmcifimsec
594 3489 753 3559 infirmitate,
770 3487 956 3542 sedunenses
968 3490 1048 3542 olric-
1099 3481 1250 3536 naturalem
1267 3479 1415 3536 diuinitatis
1429 3495 1483 3535 succ
1506 3481 1633 3553 uirtutem
1656 3483 1838 3538 resurrexisse
1862 3486 1893 3539 in

259 3586 283 3630 te
300 3577 348 3631 Dei
368 3576 410 3631 ·ll
423 3576 484 3634 Cor.
499 3594 556 3645 run,
573 3576 601 3649 i)
616 3595 624 3644 ;
648 3564 717 3632 unu's
732 3577 856 3646 idemque
877 3586 905 3632 ct
927 3578 974 3647 (ul.
995 3580 1047 3647 est)
1099 3587 1180 3627 carue
1191 3586 1238 3626 sua
1252 3580 1276 3638 ι,
1300 3570 1427 3626 nisieum
1441 3570 1487 3639 qul
1501 3569 1643 3626 denatura
1657 3571 1704 3626 Dei
1717 3570 1805 3629 Patris
1817 3572 1892 3631 bem

258 3665 359 3721 iaciens
376 3669 402 3721 in
417 3668 569 3723 bominibus
583 3669 713 3732 uirtmes,
737 3676 764 3721 et
778 3667 913 3722 sustinens
926 3683 975 3737 pro
995 3667 1048 3722 bo·
1099 3676 1178 3718 uerus
1189 3671 1241 3729 cst,
1257 3669 1285 3716 et
1296 3661 1350 3715 rita
1362 3670 1462 3716 aterna
1475 3659 1565 3729 (doun.
1581 3677 1628 3729 rs,
1643 3660 1700 3731 28).

258 3757 375 3813 minibus
389 3758 544 3826 passiones:
561 3757 622 3828 quia
637 3772 698 3812 cum
713 3757 840 3812 miracula
850 3758 998 3811 secundum
1007 3755 1048 3813 di·
1134 3751 1179 3808 ii.
1199 3750 1283 3820 liujus
1297 3750 1358 3805 lidei
1372 3750 1450 3806 nobis
1463 3749 1590 3806 intimans
1603 3751 1745 3808 verimtem
1760 3752 1819 3822 ipse
1833 3751 1888 3808 bu·

255 3848 400 3901 ciuitatem
416 3846 652 3902 lacerettlbristus
670 3846 823 3912 validius,
840 3848 866 3901 iu
882 3846 977 3901 eodem
993 3847 1049 3903 Duo
1099 3844 1170 3898 mani
1185 3844 1291 3913 generis
1304 3841 1428 3898 conditor
1442 3856 1473 3897 sc
1488 3840 1655 3921 redemptor,
1680 3843 1771 3913 opifex
1790 3852 1890 3900 nostrae

257 3937 308 3991 luit
320 3938 453 4005 passibilis
467 3937 620 3992 bunranitas
638 3953 687 3994 sua
702 3955 709 4001 ;
725 3946 752 3991 et
771 3952 830 3991 cum
849 3945 987 4007 pareretur
1005 3951 1049 3993 se·
1098 3937 1287 4008 particepsque
1300 3942 1419 3998 naturae,
1430 3942 1573 4004 postquam
1587 3948 1679 3989 ueram
1694 3935 1720 3990 iu
1735 3951 1765 3991 sc
1779 3951 1889 4009 carnem

257 4038 373 4094 euudrnn
386 4053 494 4092 carnem
508 4037 578 4091 idern
591 4036 715 4091 Christus
730 4037 778 4091 lici
790 4036 888 4100 Filius,
905 4037 932 4090 in
947 4035 1044 4092 eodem
1099 4024 1269 4081 cicatricibus
1284 4022 1365 4088 ielis,
1387 4038 1534 4092 velimque
1551 4023 1719 4079 dllisslitlem
1734 4026 1833 4082 virtute
1844 4040 1889 4082 re·

258 4126 367 4181 bomine
387 4125 436 4178 init
457 4124 636 4196 impassibilis¹
649 4123 774 4179 diuinitas
798 4137 857 4177 sna.
878 4123 945 4189 Qtria
967 4123 1049 4192 igitur
1098 4114 1273 4170 διϊιῐθθῑὶθῐιὶδ
1283 4113 1418 4178 ostend&
1433 4122 1462 4167 ¹²²
1473 4124 1555 4168 ⁰⁰⁰¹st
1568 4115 1745 4185 eumdemque
1759 4131 1789 4172 se
1802 4117 1889 4172 Dema

254 4218 285 4270 in
299 4215 407 4271 cbristo
430 4216 477 4271 bet
503 4216 641 4284 unigenito
666 4214 734 4269 i'ilio
746 4229 890 4285 personam
909 4230 963 4269 uon
977 4214 1048 4269 divi·
1099 4207 1278 4263 othoninum
1293 4205 1455 4262 credendum
1480 4205 1736 4276 praedicandumque
1755 4217 1891 4265 milri·

259 4311 326 4364 (ΜΠ,
340 4309 447 4380 promia
462 4316 633 4372 mmmmm,
656 4319 745 4374 nequ,
761 4305 849 4360 unp„
863 4320 984 4375 93⁸0„ae
997 4320 1047 4374 1¹0·
1098 4306 1149 4363 ret,
1160 4299 1239 4354 simul
1252 4298 1279 4353 iu
1294 4312 1324 4359 se
1337 4297 1454 4353 diuinam
1465 4297 1662 4368 humanamque
1674 4309 1798 4356 naturam
1810 4302 1890 4358 unius

253 4410 310 4457 tcst
323 4402 460 4471 utriunque
471 4409 571 4455 naturae
580 4398 689 4469 propria
699 4395 915 4453 eoniuudcreuel
926 4394 1046 4462 aulerrc;
1099 4390 1119 4444 F
1121 4389 1157 4444 ilii
1173 4390 1282 4444 nomiae
1291 4389 1455 4458 nuncupauit
1468 4388 1560 4443 dicens
1573 4390 1703 4459 apostolis
1715 4409 1721 4443 :
1734 4390 1785 4457 lte,
1800 4392 1891 4448 docete

171 4532 184 4551 .
253 4494 320 4562 quia
343 4493 388 4547 illc
412 4492 458 4561 qui
483 4505 512 4545 se
535 4503 595 4543 esse
622 4487 762 4542 ueritatem
787 4485 947 4540 naturaliter
970 4485 1045 4547 dicit,
1099 4495 1187 4534 omues
1199 4487 1297 4551 pentes»
1309 4478 1470 4550 laudatum
1483 4496 1527 4534 θοι
1541 4482 1568 4534 2'12
1578 4483 1682 4536 domiue
1691 4481 1791 4547 Pullis.
1806 4494 1832 4538 et
1841 4483 1891 4539 Ft‘·

253 4593 399 4651 mmmque
414 4582 440 4636 in
454 4595 484 4636 se
496 4595 564 4642 uno,
580 4584 707 4632 manem
721 4576 836 4631 „murali
851 4576 974 4640 perime,
988 4589 1047 4628 w.
1061 4583 1084 4642 p
1098 4570 1138 4633 lii,
1149 4577 1173 4624 et
1188 4567 1303 4640 Spiritus
1318 4569 1401 4622 sumti
1415 4567 1521 4640 (nanu.
1541 4586 1634 4639 saurir,
1650 4571 1705 4643 tu).
1727 4572 1828 4629 Ductor
1841 4575 1893 4643 iai-

254 4673 348 4737 rault3
363 4680 506 4742 propterea
519 4682 607 4737 neque
621 4667 648 4721 in
657 4664 831 4736 'passionibus
844 4664 878 4718 ab
893 4663 938 4718 illa
953 4664 1059 4749 boma-t
1098 4668 1142 4715 tur
1155 4669 1183 4715 et
1196 4660 1307 4728 largitor
1320 4667 1428 4714 aeternae
1442 4659 1536 4715 salutis
1546 4660 1615 4715 bauc
1630 4660 1691 4717 ideo
1704 4661 1817 4718 iormam
1826 4678 1892 4718 sau·

251 4767 342 4820 *ruitate
356 4762 455 4819 Claristl
472 4760 642 4815 divinitatem
654 4771 730 4813 suam
750 4755 942 4827 impassibilem
956 4753 1046 4824 sciun-
1097 4750 1134 4805 cti
1147 4748 1316 4819 baptismatis
1326 4747 1409 4815 dedit,
1424 4762 1458 4803 uc
1471 4749 1532 4818 quis
1546 4749 1573 4803 in
1588 4749 1685 4805 eodem
1699 4749 1747 4806 liei
1760 4750 1830 4806 Filio
1842 4767 1893 4807 na·

251 4860 353 4926 prmus,
376 4869 463 4924 neque
478 4853 512 4907 ab
534 4851 581 4906 illa
603 4849 743 4904 diuinitate
756 4846 949 4902 humanitatem
970 4859 1047 4901 suam
1098 4848 1174 4895 toras
1183 4838 1316 4901 dividens.
1332 4838 1472 4894 mortiiero
1487 4839 1677 4910 illaquearetur
1688 4855 1792 4907 errore,
1811 4843 1835 4897 si
1844 4852 1895 4898 aut

251 4948 390 5002 ullatenus
426 4940 602 5014 separandam
635 4940 662 4994 in
696 4936 839 4992 uirtutibus
870 4935 1042 4990 aestimamus.
1099 4933 1242 4987 launiauam
1254 4930 1314 4985 Filii
1329 4930 1377 4986 liei
1398 4938 1523 4987 naturam
1536 4931 1570 4985 ab
1590 4946 1675 5001 opere
1698 4933 1894 5003 redemptionis

252 5043 349 5113 ,Neque
361 5056 425 5110 emo
438 5038 591 5101 dividimus,
608 5047 696 5102 neque
714 5029 902 5087 conlundimus
920 5029 947 5083 in
961 5028 1046 5083 uiuu-
1100 5022 1222 5077 liumauac
1237 5022 1352 5077 alienam
1363 5022 1390 5076 in
1400 5028 1569 5077 sacramento
1580 5021 1747 5091 baptismatis
1756 5023 1891 5088 crederet.

249 5134 329 5189 'tibus
339 5142 367 5188 et
379 5130 551 5202 passionibus
565 5127 710 5190 Christum,
720 5138 800 5193 quem
814 5121 910 5177 Filium
918 5121 965 5176 liei
980 5120 1042 5186 uiui,
1096 5125 1142 5171 aut
1152 5118 1219 5170 duas
1232 5115 1258 5170 ln
1269 5113 1377 5170 Christo
1389 5113 1541 5169 conitendo
1553 5129 1691 5184 personas,
1707 5131 1760 5171 nou
1773 5114 1829 5185 jam
1841 5131 1895 5172 re*

258 5224 396 5281 revelante
406 5220 496 5285 Patre,
512 5215 708 5274 beatusPetrns
723 5213 861 5269 coalescas
874 5220 924 5276 est,
940 5226 1001 5266 cum
1015 5226 1045 5265 se
1096 5226 1145 5264 ιιι
1161 5208 1300 5263 Trinitatis
1313 5208 1411 5272 cultor,
1426 5207 1474 5262 scd
1488 5206 1605 5261 riciarius
1618 5216 1691 5263 esset
1701 5209 1894 5276 quaternitatis

240 5298 347 5371 'mmen
361 5314 435 5385 prius
455 5309 537 5364 lilinum
561 5308 677 5361 libaninis
700 5304 832 5359 ueraciter
844 5293 966 5356 cirinus
989 5301 1045 5369 ipse
1099 5310 1225 5366 assertor,
1242 5317 1274 5357 ae
1286 5315 1334 5371 per
1348 5301 1472 5354 boccum
1488 5297 1568 5353 Patre
1581 5307 1609 5352 et
1619 5297 1719 5368 Spiritu
1730 5307 1826 5356 sancto
1836 5313 1893 5355 non

257 5403 368 5461 dixisset
388 5402 496 5475 (ilcttlr.
513 5414 564 5460 rut,
583 5394 638 5466 tt).
657 5393 721 5449 ideo
743 5408 835 5448 uerum
858 5391 993 5444 Claristunr
1019 5389 1045 5443 iu
1100 5391 1206 5455 Filium,
1229 5388 1489 5453 cariliacenses
1509 5389 1630 5458 ‘luiS‘WffS
1644 5389 1670 5443 5¹¹
1683 5387 1792 5446 chiisw
1813 5388 1896 5445 ’ΝΜ

295 5546 307 5572 ·
325 5536 389 5598 tls..
403 5537 446 5607 qui
461 5524 601 5588 adiuvenit.
898 5540 915 5603 .’
954 5592 959 5602 Ι
1098 5523 1180 5579 Deum
1195 5526 1309 5597 penitam
1322 5522 1475 5594 predicare.

294 5605 307 5642 ¹³
321 5604 423 5659 Locum
436 5604 509 5659 buric
522 5599 688 5656 restituimus
703 5612 737 5651 er
752 5611 803 5650 ms.
817 5611 825 5656 ;
839 5593 904 5647 edm
917 5606 988 5646 enum
1001 5591 1048 5643 ba·
1133 5595 1145 5631 l
1162 5594 1300 5651 liabentur
1314 5592 1372 5647 bec
1385 5593 1468 5648 rerba
1484 5611 1557 5649 uenus
1572 5595 1640 5650 neue
1658 5609 1693 5651 ex
1707 5609 1770 5660 ms,
1784 5611 1838 5652 nou
1854 5609 1898 5653 ex

258 5674 420 5746 bebantquu
434 5674 513 5728 corda
531 5670 636 5741 capucia
659 5666 767 5721 videndo
790 5663 882 5745 (liasii.
905 5659 1047 5730 reducam)
1097 5663 1158 5719 cdd.
1244 5733 1249 5744 .
1490 5735 1515 5745 ..

257 5745 314 5807 Dee
322 5745 435 5869 glomum
448 5745 541 5814 frtlrt‘tu
551 5736 745 5793 resurrectionis
760 5732 889 5787 crucient.
1136 5748 1146 5771 s
1163 5732 1223 5801 ils,
1240 5749 1266 5786 tn
1278 5748 1356 5785 curare
1370 5748 1437 5800 suu;
1454 5733 1527 5801 editi,
1544 5750 1622 5789 carue
1636 5749 1694 5789 suc.

296 5828 306 5855 ι
322 5849 328 5867 .
342 5815 367 5869 ic
382 5824 452 5877 uris.;
469 5809 606 5871 aletensi,
623 5806 735 5868 credere,
748 5820 824 5859 utrium
837 5801 1046 5872 similemque...
