4106 6330
142 344 171 399 Π
590 336 618 393 S.
641 335 847 393 Entellinus
869 337 949 393 vtt't
967 335 1130 395 tuotone
1148 332 1327 393 obruente.
1742 338 1777 396 'id

141 456 261 528 Episcopi
275 469 342 512 tero
359 454 480 541 sarculos
498 454 630 512 babentes
644 455 671 512 in
686 456 809 512 manibus
820 471 930 528 compe·
944 460 971 523 A
984 455 1053 512 Puer
1073 465 1196 515 mortuos
1217 455 1325 526 iaccbat
1346 455 1372 511 in
1398 454 1498 513 lectulo
1520 455 1589 525 eius,
1608 463 1638 512 et
1657 456 1779 519 incubuit

141 559 240 616 tentes,
254 547 333 618 quasi
345 546 504 604 eliodicntcs
524 548 695 614 ιιιεεειινιιινι,
710 550 794 618 gavisi
808 559 870 605 snut
884 565 931 605 ue·
984 547 1088 604 Eliseos
1102 563 1183 620 super
1197 562 1325 618 puerum,
1341 546 1485 617 posuitque
1503 561 1535 603 os
1554 562 1633 604 suum
1653 563 1734 619 super
1748 564 1781 609 ot

141 643 296 706 trementer,
324 654 386 695 cum
406 638 535 695 invenere
557 640 709 711 sepulcrum
732 658 739 694 ι
760 651 805 710 ει,
826 640 933 697 elevato
985 639 1054 708 ejus,
1065 646 1093 694 et
1106 639 1199 694 oculos
1213 653 1276 694 suos
1289 652 1371 709 super
1383 637 1477 694 oeulos
1490 636 1559 708 ejus,
1571 646 1600 693 ct
1612 654 1781 701 manussuut

123 744 254 805 corpore
268 730 304 788 de
317 732 656 803 sareopbago,geminatur
669 735 761 790 laetitia
775 744 830 791 tam
844 736 870 791 in
885 751 934 807 po-
985 745 1067 800 super
1080 744 1176 784 manus
1193 726 1271 798 ejus,
1286 736 1315 784 ct
1334 728 1482 801 incurvavit
1502 744 1532 785 sc
1549 745 1631 800 snper
1650 746 1731 797 eum,
1754 740 1783 788 et

140 825 202 896 pulo
213 838 294 894 quam
308 824 334 878 in
349 822 433 878 clero.
985 821 1115 877 calefacta
1131 828 1174 874 est
1185 835 1248 875 caro
1263 820 1348 890 pueri.
1368 818 1405 875 Os
1418 818 1551 889 siquidem
1569 820 1674 878 manne
1687 824 1784 896 propi·

173 914 219 968 dd.
243 912 343 969 Thecla
362 928 427 968 uero
448 912 600 983 percipiens
619 914 791 970 revelationis
812 930 867 970 snae
887 916 936 972 sti·
987 912 1106 967 tiationis
1118 919 1146 966 et
1160 910 1353 967 obsecrationis
1366 910 1399 966 ad
1413 908 1498 965 Deum
1519 911 1612 967 oeulos
1637 912 1688 983 pire
1701 914 1784 969 mise·

140 1002 281 1074 pendium,
297 1015 380 1057 orans
397 1000 492 1056 eadem
513 1001 580 1056 bora
600 1000 754 1070 demigrans
769 1004 887 1074 perrexit
902 1002 936 1061 ati
987 1003 1099 1060 rationis
1117 1011 1145 1058 et
1159 1018 1253 1058 manus
1279 1000 1396 1058 ellieacis
1412 1002 1579 1073 operationis
1602 1002 1741 1072 adhibuit,
1756 1013 1787 1060 et

142 1093 305 1162 Dominum,
324 1100 469 1164 postquam
488 1093 610 1164 percepit
631 1110 646 1148 a
669 1095 783 1165 praesule
804 1096 936 1152 Dominiei
986 1097 1026 1153 sie
1039 1103 1161 1152 mortuus
1175 1096 1332 1151 resurrexit.
1356 1096 1401 1150 Sic
1421 1096 1502 1150 etiam
1517 1096 1559 1152 sui
1577 1096 1653 1153 ducis
1667 1097 1783 1168 insignia

141 1185 262 1255 corporis
280 1194 488 1240 sacramentum.
512 1181 536 1239 0
557 1183 620 1240 ielis
643 1193 774 1242 matronae
798 1187 936 1255 transitus,
987 1188 1186 1245 renovabantur
1211 1188 1238 1242 iu
1263 1187 1366 1249 milite,
1388 1187 1434 1257 qui
1457 1186 1614 1244 defunctum
1633 1188 1647 1228 b
1669 1191 1785 1246 reddidit

141 1291 193 1331 non
208 1274 342 1342 interitus,
354 1274 388 1331 de
401 1289 455 1346 quo
465 1273 629 1345 jocundatur
643 1276 774 1348 imprimis
782 1285 937 1333 sanctorum
988 1279 1096 1336 ιιιιίειιιιι
1111 1277 1190 1339 matri
1204 1292 1269 1334 suae.
1294 1277 1405 1349 decepit
1427 1279 1518 1348 itaque
1537 1280 1633 1336 mulier
1647 1279 1681 1337 de
1694 1297 1787 1337 resur·

141 1367 275 1423 exercitus
292 1366 385 1424 laurea
403 1377 559 1424 coronatus.
584 1368 689 1425 Alaeie
703 1369 811 1440 quidem
829 1369 938 1424 malitiae
989 1371 1110 1427 rectione
1125 1370 1208 1426 illium
1223 1385 1312 1426 suum.
1329 1368 1477 1427 lietireseit
1491 1387 1635 1428 commune
1646 1375 1785 1445 gandium,

138 1456 209 1527 justa
224 1457 338 1513 collecta
354 1465 439 1514 estet
453 1465 547 1530 rapta,
563 1474 598 1515 ne
611 1460 713 1514 malitia
728 1460 818 1515 lursan
834 1460 939 1516 intelie-
988 1461 1195 1518 commendatur
1209 1462 1295 1517 sancti
1311 1462 1505 1532 patrocinium,
1520 1463 1713 1535 comprobatur
1727 1464 1787 1536 eius

140 1556 214 1605 ctum
229 1550 312 1621 ipsius
327 1549 492 1606 immutaret.
988 1555 1127 1620 sauctitas,
1138 1554 1225 1624 pietas
1234 1559 1262 1609 et
1273 1561 1396 1624 potestas
1406 1568 1455 1624 per
1466 1553 1593 1610 indicium
1603 1554 1788 1627 multipliciter

177 1641 253 1697 ¹37.
272 1640 341 1696 lium
363 1640 403 1698 sic
423 1641 495 1712 jugis
513 1643 671 1699 solemnitas
685 1644 860 1715 tenderetur,
875 1661 940 1702 eece
989 1646 1172 1704 manifestum.
1186 1644 1289 1702 Omira
1303 1645 1411 1702 bonitas
1425 1652 1453 1702 et
1466 1646 1610 1718 stupenda,
1625 1646 1687 1703 dum
1701 1649 1728 1707 in
1742 1662 1790 1706 ea⁸
1859 1710 1865 1723 ,

139 1731 230 1802 gaudii
240 1731 354 1788 materia
363 1742 520 1789 renovatur.
534 1733 644 1789 intrauit
658 1735 730 1791 enim
741 1735 838 1791 molier
847 1736 938 1803 uidua,
991 1739 1052 1795 dem
1066 1740 1239 1796 solemnitate
1253 1738 1399 1794 suscitatur
1409 1737 1532 1808 juvenis,
1548 1741 1715 1812 moriturque
1728 1758 1788 1798 nra·

141 1839 191 1895 pro
204 1821 333 1880 defuncto
353 1823 408 1881 lilio
426 1814 558 1881 desolata.
583 1825 669 1893 Quem
690 1842 751 1882 corn
775 1828 892 1885 misisset
912 1831 939 1884 in
954 1834 979 1894 B
992 1829 1085 1885 trena!
1110 1827 1247 1901 Scriptum
1265 1836 1307 1884 est
1321 1828 1393 1884 enim
1407 1830 1441 1884 de
1455 1828 1570 1887 llomino
1594 1829 1689 1903 (bur.
1703 1848 1788 1898 xxutt,

140 1930 234 1986 agrum
257 1930 340 1972 causa
363 1915 531 1973 custodiendi
555 1918 678 1987 pecoris,
700 1934 813 1988 pnemm
833 1919 939 1976 daerrron
992 1918 1039 1986 59)
1056 1937 1062 1972 :
1077 1917 1135 1989 Ego
1147 1917 1280 1988 occidam,
1293 1926 1322 1974 ct
1334 1933 1385 1990 ego
1400 1919 1490 1975 rivere
1504 1918 1600 1976 iaciant
1617 1938 1624 1975 :
1640 1924 1790 1994 percutiant

142 2007 277 2079 impetiit,
297 2006 375 2077 cujus
397 2015 457 2064 erat
474 2007 622 2063 similitudo
641 2017 669 2065 et
682 2010 784 2081 speeies
800 2020 828 2067 ut
843 2011 939 2079 leonis,
991 2022 1019 2068 et
1032 2012 1145 2068 sanabo.
1169 2010 1224 2067 Sed
1238 2011 1381 2081 utrobique
1396 2011 1501 2082 pietas,
1516 2010 1580 2068 dum
1592 2012 1699 2083 iuuenis
1712 2029 1791 2071 rere-

141 2101 187 2171 gui
201 2100 236 2156 de
249 2100 322 2156 saltu
337 2099 488 2172 procedens
502 2110 530 2157 et
544 2103 662 2172 rugiens,
678 2104 811 2174 impetens
824 2113 852 2160 et
865 2106 939 2163 occi·
991 2105 1104 2160 misatur
1117 2104 1151 2160 nd
1179 2104 1313 2174 gratiam,
1336 2114 1460 2160 matrona
1483 2119 1550 2161 uero
1569 2106 1668 2162 nobilis
1688 2114 1716 2163 et
1733 2106 1791 2187 jam

141 2191 226 2258 dens,
242 2192 315 2248 illice
331 2190 410 2262 iungit,
423 2199 453 2248 et
467 2193 493 2248 in
511 2192 645 2249 latebrosa
659 2209 769 2251 nemora
782 2210 813 2251 se
826 2197 940 2267 recepit.
991 2195 1100 2252 Christo
1111 2211 1213 2268 sponso
1226 2195 1325 2251 nubilis
1338 2195 1487 2252 recabatur
1498 2197 1531 2252 ad
1544 2197 1669 2267 gloriam.

141 2281 256 2355 Cognita
271 2292 359 2340 mater
372 2285 470 2342 misera
485 2287 570 2342 tristis
585 2296 698 2343 euentus
711 2288 801 2356 serie,
822 2290 941 2346 resoluta
1028 2289 1072 2346 59.
1090 2290 1160 2357 Quid
1178 2290 1249 2345 inter
1262 2289 1337 2356 haec,
1353 2288 1468 2357 iratres,
1485 2289 1720 2346 animadvertitis?
1739 2291 1791 2351 nisi

140 2378 266 2433 muliebri
279 2376 408 2445 mollitie,
423 2379 567 2448 gemitibus
581 2380 700 2451 indulget
714 2391 741 2437 et
755 2382 897 2455 lacrymis,
913 2393 942 2439 et
991 2381 1114 2453 quotide
1129 2382 1243 2438 mortuis
1259 2378 1340 2436 liebat
1362 2379 1491 2451 liquidum
1506 2389 1704 2451 argumentum,
1716 2382 1791 2453 quod

140 2468 244 2524 eremis
266 2469 389 2540 suspiriis
403 2469 556 2538 intabescit,
571 2480 615 2538 ut,
631 2473 682 2527 etsi
695 2481 808 2546 inatrem
824 2475 939 2539 nescias,
992 2473 1025 2528 ad
1047 2473 1106 2543 ejus
1119 2473 1264 2528 transierat
1275 2470 1392 2529 Sanctus
1416 2472 1583 2529 consortium
1603 2473 1650 2542 qui
1675 2474 1737 2529 vitre
1762 2481 1791 2528 et

142 2571 257 2617 matrem
270 2574 424 2630 agnoscas:
440 2561 594 2619 manifestat
607 2563 707 2620 doloris
721 2563 855 2629 allectum,
871 2574 899 2621 et
915 2568 941 2620 in
994 2563 1090 2618 mortis
1104 2562 1187 2616 babet
1199 2561 1364 2632 imperium?
1377 2561 1432 2616 lint
1443 2569 1529 2629 certe,
1543 2563 1605 2633 qnia
1619 2561 1685 2620 sudes
1697 2579 1791 2621 resur·

144 2649 228 2706 ιιιοιιο
240 2650 347 2707 dolendi
358 2657 537 2725 lacrymarum
550 2669 709 2725 excessum,
723 2664 752 2711 ει
764 2656 833 2711 sicut
845 2655 940 2719 laetula,
992 2653 1121 2710 rectionis
1134 2652 1244 2724 propria
1264 2659 1307 2708 est
1317 2650 1457 2707 catholice
1471 2651 1619 2722 religionis,
1635 2652 1748 2710 decebat
1761 2664 1792 2709 ut

145 2741 231 2800 fllium
243 2747 397 2803 existumans
411 2763 426 2804 a
440 2748 526 2804 bestia
539 2749 711 2817 devoratum,
727 2749 865 2819 planctum
879 2764 942 2817 age·
993 2742 1069 2811 fides,
1079 2756 1160 2812 qualit
1166 2739 1281 2797 sancitis
1290 2741 1419 2797 docuerat
1428 2742 1523 2808 verbo,
1536 2742 1561 2797 in
1572 2740 1631 2813 ejus
1639 2743 1793 2801 elevatione

142 2831 192 2889 bat
203 2837 370 2898 continuum.
386 2836 458 2895 Puer
468 2839 563 2896 unicus
575 2854 630 2894 non
643 2839 827 2911 comparebat,
839 2846 866 2895 et
882 2840 941 2895 ideo
993 2834 1201 2893 continuaretur
1224 2833 1370 2904 exemplo,
1385 2848 1448 2888 num
1462 2834 1485 2888 si
1507 2834 1651 2892 suscitatus
1664 2846 1706 2891 est
1719 2853 1793 2891 mnr-

110 3000 113 3004 Δ
141 2925 242 2981 mulier
253 2920 381 2983 solatium
394 2945 451 2985 non
466 2929 592 2985 hahebat.
618 2929 703 2985 Versa
722 2941 763 2986 est
784 2931 942 2987 solemnitas
992 2934 1065 2992 tuus,
1077 2932 1104 2979 et
1117 2940 1167 2980 nos
1180 2922 1302 2979 similiter
1316 2936 1496 2992 resurgemus.
1511 2921 1655 2980 Suscitatiu
1669 2937 1792 2984 mortun-

140 3019 170 3074 in
183 3034 342 3088 maerorem,
352 3021 379 3076 in
393 3023 609 3094 compassionem
623 3024 725 3079 lautitia.
740 3023 835 3080 Clerus
848 3033 876 3080 et
890 3042 940 3095 pr-
993 3031 1054 3071 rum
1080 3013 1285 3070 resurrsstliffllss
1305 3020 1348 3070 θῦῑ
1368 3013 1556 3086 qualecunque
1575 3015 1738 3087 uestigium,
1759 3033 1792 3072 en

140 3111 223 3184 pulos
233 3112 370 3168 internum
380 3113 507 3185 lacrymis
516 3117 643 3184 egerebat
652 3115 784 3180 dolorem,
795 3124 823 3171 et
833 3116 943 3174 indultis
994 3106 1067 3177 (l¹¹⁰l¹
1083 3105 1525 3174 llil⁰ffid1¹0l0l0⁰³²¹¹l³dlilani
1550 3107 1621 3179 ii¹¹⁰d
1637 3109 1725 3164 fueriti
1738 3111 1791 3164 rita

139 3203 282 3275 paullisper
294 3206 427 3274 suspiriis,
434 3215 594 3276 recuperata
609 3207 685 3277 spei·t
699 3206 807 3278 fiducia,
818 3208 850 3266 Β,
859 3208 940 3265 Eleu.
954 3214 978 3278 c
994 3200 1139 3271 privatum.
1162 3195 1218 3253 Sed
1232 3205 1321 3252 tantm
1342 3196 1526 3254 suscitationis
1540 3207 1568 3254 et
1587 3201 1794 3257 resurrectionis

139 3294 260 3350 tbcrium
284 3295 464 3366 deprecatur,
481 3305 510 3351 ut
533 3296 592 3367 eius
603 3297 672 3352 illius
684 3298 839 3354 suscitetur.
861 3297 943 3354 Com·
994 3301 1037 3349 εει
1050 3291 1221 3355 ιιίιιενενιιίιι
1245 3305 1306 3346 cum
1325 3290 1470 3346 suscilblus
1484 3300 1625 3348 ielilcelltl
1639 3292 1673 3347 bd
1687 3300 1794 3367 tempus

139 3387 249 3458 patiens
263 3386 353 3443 clerus
366 3390 394 3443 et
412 3389 544 3459 populus,
565 3388 636 3445 idem
660 3388 797 3459 flagitabat
820 3391 891 3447 uotis
915 3398 942 3447 et
993 3395 1025 3441 ut
1049 3386 1145 3440 iterum
1171 3384 1333 3454 migraturus
1347 3397 1363 3437 e
1375 3383 1449 3451 uita;
1474 3384 1502 3438 in
1517 3385 1714 3441 resurrectione
1727 3402 1793 3443 uero

139 3479 280 3550 precibus.
297 3480 365 3536 llere
376 3481 525 3537 secundom
537 3482 699 3537 sententiam
711 3481 817 3537 Domini
831 3481 939 3554 (Μαιιιι.
993 3477 1049 3532 uita
1062 3478 1179 3531 humana
1192 3474 1396 3546 perpetuabitur
1410 3473 1436 3528 in
1451 3483 1594 3543 autemnon,
1610 3476 1652 3531 tel
1666 3476 1693 3531 in
1706 3476 1792 3546 gloria

140 3586 198 3640 ut,
211 3571 258 3643 22)
269 3588 277 3625 ε
290 3570 457 3644 impossibile
468 3581 510 3631 est
519 3575 656 3630 orationes
666 3573 783 3645 plurium
794 3590 849 3630 nnn
859 3590 943 3630 exau·
994 3571 1037 3626 rel
1049 3571 1074 3624 in
1086 3585 1175 3640 prona.
1191 3567 1254 3623 Sine
1265 3569 1318 3623 boc
1331 3568 1437 3637 aliquis,
1451 3568 1508 3623 sire
1521 3568 1592 3624 aliud
1604 3569 1715 3639 dixerit,
1725 3573 1793 3627 certi

139 3659 204 3717 diri.
212 3660 677 3734 Benedictosuetupcliominusqui
686 3673 746 3735 post
754 3673 944 3736 tempestatem
994 3676 1088 3717 sumus
1108 3660 1234 3730 jotrensem
1258 3658 1447 3714 resuscitatum
1463 3659 1496 3715 ad
1518 3659 1566 3715 liei
1581 3659 1694 3728 glorians
1717 3663 1793 3719 etad

140 3753 317 3824 tranquillum
333 3754 412 3821 lucit,
433 3762 537 3827 etpost
555 3756 656 3811 loetum
670 3756 885 3814 consolationem
899 3758 943 3813 in·
993 3753 1080 3808 sarrcti
1102 3749 1236 3822 pontilicis
1250 3749 1397 3806 elllcaciam
1412 3752 1652 3823 comprobandam.
1677 3753 1753 3812 llnde
1765 3762 1794 3810 et

140 3841 239 3899 tout:
256 3844 349 3902 nubite
362 3846 495 3916 ειῳιιιιενι
509 3842 617 3919 repulsa
631 3849 756 3916 eruente,
767 3851 888 3920 protinus
904 3852 946 3906 ιιι-
995 3846 1029 3906 dc
1044 3845 1144 3900 lazaro
1159 3843 1344 3901 resuscitando
1366 3843 1463 3914 tegitur
1486 3844 1576 3916 (toan.
1594 3862 1632 3912 ει,
1646 3845 1673 3918 t)
1695 3847 1794 3904 :loir-

141 3935 268 3991 trodutit
281 3950 408 3993 εενειιιιινι
428 3937 535 3994 lutitim
560 3937 650 3996 lictus
661 3948 706 3996 est
720 3949 799 3996 terrm
812 3942 896 4008 iocur,
917 3944 944 4000 in
995 3937 1075 3992 ntitas
1087 3936 1144 3992 lusce
1157 3950 1210 3990 non
1223 3934 1309 3991 estad
1323 3947 1448 3999 mortem,
1471 3934 1519 3991 sed
1534 3943 1562 3991 ot
1576 3951 1626 4008 per
1640 3952 1699 3992 earn
1711 3938 1795 3996 Filios

138 4040 197 4098 gno
212 4041 284 4100 puer
307 4027 416 4098 iacebat
433 4030 583 4096 exanimis,
609 4038 637 4086 et
658 4032 748 4088 subito
769 4033 946 4091 circumfulsit
996 4028 1112 4086 bominis
1126 4024 1297 4083 clarificetur.
1314 4022 1349 4079 Et
1367 4025 1391 4081 si
1405 4025 1469 4096 quid
1483 4041 1578 4083 eorum
1592 4042 1652 4098 quat
1667 4028 1796 4088 Dominus

138 4134 206 4180 eunt
239 4121 350 4178 claritas
375 4122 507 4179 immensu
529 4123 564 4179 de
586 4124 671 4180 coelis.
698 4123 882 4182 Resuscitatus
904 4135 947 4182 cst
994 4122 1085 4179 lacere
1107 4135 1163 4176 non
1185 4118 1305 4189 disponit
1336 4119 1434 4190 aliquis
1461 4128 1616 4176 sanctorum
1649 4125 1795 4194 rogaverit,

138 4228 234 4286 puer,
255 4211 388 4269 iretilicata
406 4221 450 4269 est
465 4214 580 4281 mulier,
601 4214 786 4285 niagnisscatus
799 4225 842 4273 cst
856 4217 882 4272 in
897 4232 947 4289 po-
996 4216 1071 4271 nullo
1085 4213 1166 4270 modo
1182 4212 1239 4269 lleri
1254 4212 1383 4269 Dotuinus
1396 4213 1423 4268 id
1435 4215 1577 4284 permittit.
1593 4214 1632 4271 Er
1646 4232 1702 4288 quo
1715 4218 1797 4291 plane

138 4305 210 4377 pulo
229 4304 365 4373 gloriosus
387 4304 486 4361 Christi
506 4306 628 4376 pontifex
642 4316 669 4362 et
686 4307 819 4377 minister,
845 4316 948 4380 etpost
997 4304 1166 4362 concluditur
1183 4312 1213 4359 ut
1225 4303 1249 4359 si
1266 4304 1330 4375 quid
1344 4318 1359 4359 a
1375 4304 1490 4361 Domino
1501 4315 1657 4364 sanctorum
1667 4311 1797 4381 precibus

138 4395 203 4466 eius
213 4395 454 4462 resunectionem,
464 4397 510 4467 qui
520 4406 643 4453 mortuos
654 4396 741 4454 luerat
750 4400 855 4471 aperire
865 4400 948 4471 etupit
998 4396 1150 4463 obtinetur,
1166 4410 1260 4451 eorum
1276 4395 1302 4451 in
1317 4394 1395 4452 caelis
1408 4395 1530 4453 eillcacia
1545 4397 1708 4458 declaretur.

138 4487 218 4545 berti
234 4488 371 4558 pontilicis
385 4489 530 4560 pietaten,
546 4498 574 4546 et
594 4490 685 4546 datam
699 4491 788 4548 eidem
802 4507 817 4547 a
831 4491 948 4549 licutino
1035 4488 1045 4520 ⁸
1061 4487 1105 4543 to.
1121 4486 1175 4544 Sed
1187 4502 1272 4554 ecco,
1299 4487 1363 4543 dum
1388 4488 1525 4545 miraculis
1546 4504 1607 4559 quae
1620 4491 1677 4548 dies
1688 4500 1798 4549 sanctus

138 4580 255 4637 eoetitm
268 4588 440 4650 potestatem.
462 4581 532 4649 Quid
545 4584 617 4639 enim
632 4583 704 4640 illius
717 4586 845 4655 potentian
859 4596 949 4657 petest
963 4591 989 4652 Ι)
1001 4580 1162 4637 elevationis
1174 4579 1263 4634 attulit
1285 4580 1458 4647 vacabamus,
1470 4579 1664 4647 digressionem
1675 4581 1799 4652 aliquan-

137 4672 238 4746 nlpjici„
254 4675 301 4745 qui
315 4673 535 4747 Omnipotemem
554 4677 718 4733 concordem
733 4678 816 4735 hahet
829 4678 888 4748 ejus
901 4696 950 4751 per
1003 4671 1085 4727 talam
1100 4670 1172 4741 passi
1185 4685 1288 4726 sumus.
1312 4668 1380 4725 Nam
1401 4677 1430 4726 et
1443 4669 1540 4727 {lunius
1553 4671 1617 4726 dum
1630 4687 1680 4743 per
1693 4672 1800 4728 alueum

140 4768 243 4823 omnia
256 4767 410 4823 volontati?
432 4766 503 4835 Quid
516 4767 588 4823 enim
602 4768 698 4823 unirunr
718 4769 841 4826 sisancti
853 4771 909 4841 jam
923 4772 948 4825 in
1001 4762 1105 4827 delinit,
1119 4761 1142 4818 si
1157 4761 1241 4817 ualles
1253 4776 1387 4817 concavas
1401 4777 1435 4817 ex
1449 4761 1534 4818 lature
1547 4762 1697 4831 contingit,
1712 4763 1740 4819 in
1752 4778 1801 4821 eas

138 4861 240 4919 mima
260 4858 369 4919 Christo
381 4859 536 4919 mnfomgg
555 4859 644 4918 effecti
673 4877 723 4932 pro
749 4863 951 4933 djgpgngationg
1003 4852 1129 4910 illicosui
1143 4852 1378 4925 impelliscill'sillli
1392 4852 1593 4917 &winheim
1607 4852 1714 4935 alidum
1726 4863 1802 4927 posi-

138 4954 277 5025 mu
303 4951 374 5009 ειη,
398 4967 444 5009 m
468 4951 624 5022 sospitates
651 4952 718 5009 min
744 4951 864 5021 raptum,
891 4956 950 5028 ipso
1002 4946 1113 5002 modum
1129 4944 1299 5002 screiundit.
1321 4945 1502 5002 Venatoribus
1516 4946 1597 5002 etiarn
1612 4946 1683 5004 solet
1695 4949 1803 5006 contin·

138 5052 314 5118 munte,
328 5044 406 5115 cujus
425 5044 514 5114 gratia
533 5041 591 5114 iam
610 5045 756 5117 participes
777 5047 835 5117 ejus
854 5047 951 5103 divim.
1004 5050 1068 5105 gere
1087 5044 1116 5091 ut
1141 5035 1300 5092 desistanta
1316 5036 1415 5103 bestia,
1433 5051 1513 5108 quam
1526 5045 1680 5108 sectantur,
1695 5040 1718 5096 si
1732 5037 1803 5097 lurte

139 5137 213 5197 tetis
227 5136 368 5193 ctistmti
1004 5127 1122 5184 uiderint
1140 5128 1220 5183 uliam
1232 5144 1267 5183 ex
1277 5128 1417 5198 inopinato
1424 5130 1515 5185 statim
1527 5145 1675 5201 emergere.
1687 5131 1803 5204 Repetat

186 5227 333 5287 ’ditiore
342 5228 473 5301 propheta
484 5243 598 5299 magnus
611 5227 688 5285 indie
695 5229 884 5288 declarationis
895 5246 952 5287 sure
1004 5223 1085 5293 igitur
1095 5223 1193 5280 lintius
1202 5223 1272 5279 alvei
1286 5231 1442 5281 consuetam
1453 5226 1536 5296 riam,
1547 5235 1801 5285 renatorsectatarn

137 5334 265 5392 surgam
278 5320 424 5392 spparoit,
437 5320 485 5391 qui
509 5320 593 5375 lilium
615 5319 702 5375 vidum
723 5326 777 5375 tam
795 5319 953 5377 solemniter
1004 5319 1137 5384 bestiam,
1159 5318 1244 5391 stylus
1257 5319 1399 5376 materiam
1413 5320 1578 5380 inchoatam.
1605 5322 1802 5382 Nemosetiarn

139 5411 302 5472 metavit.
322 5410 419 5469 Noune
436 5412 493 5483 iam
509 5411 673 5483 implebatur
685 5411 713 5467 in
726 5410 827 5467 Sancto
841 5410 952 5483 spiritus
1004 5420 1099 5468 eontra
1114 5409 1199 5480 legem
1214 5410 1240 5465 in
1256 5411 1356 5483 templo
1367 5412 1472 5470 Domini
1486 5417 1648 5487 plantamus,
1661 5417 1686 5474 si
1697 5426 1803 5476 uotum

140 5501 255 5570 Eiisei,
275 5519 337 5560 cum
361 5504 430 5561 lilius
450 5505 596 5561 ειιεείιιιιιιε
614 5503 735 5560 redditus
753 5501 836 5559 inisse
855 5504 953 5574 legitor
1005 5503 1150 5559 uerborum
1164 5501 1416 5563 loliisinsistamus.
1432 5505 1543 5565 Certum
1553 5509 1677 5567 estenim
1693 5512 1802 5581 quoties

138 5591 337 5652 Sunamitidil
359 5596 430 5653 siem
450 5596 582 5668 scriptum
604 5605 646 5653 est
672 5594 699 5666 (l
707 5593 726 5650 ι’
748 5592 813 5667 llep.
829 5610 864 5661 ru,
879 5592 947 5664 dli:
1005 5594 1032 5650 iu
1045 5592 1116 5649 loliis
1129 5595 1229 5664 segetis
1242 5596 1324 5653 culmi
1337 5596 1502 5670 proliciunt,
1519 5601 1619 5658 minori
1633 5600 1802 5673 plenitudine

188 5726 360 5799 ¹tltaseap.
375 5744 448 5784 satur.
1038 5721 1289 5800 'Eteusumpidei

185 5801 198 5833 ¹
214 5798 293 5855 illias
306 5814 366 5869 cop.
384 5816 439 5855 ιιι.
1041 5796 1054 5835 l
1077 5794 1107 5850 lu
1124 5798 1219 5855 eodem
1242 5801 1300 5858 bue
1323 5802 1546 5874 interponuntur,
1562 5806 1588 5859 in
1602 5805 1703 5859 eiurare
1719 5805 1803 5858 tinius

118 5900 124 5913 ·
188 5870 292 5925 ⁸Alias
305 5885 366 5949 cop.
380 5885 426 5925 tt.
1005 5866 1088 5940 filium
1100 5868 1192 5925 sidaec.
