4064 6344
88 344 136 401 tit
157 292 163 301 Ι
522 375 526 383 ·
546 283 855 395 autumatione
873 333 950 390 titii
968 332 1140 389 attuatii
1158 332 1259 393 tinus.
1630 288 1634 294 Ι
1660 335 1712 391 att

90 463 150 518 tiam
163 459 297 530 deponat,
310 463 340 511 et
353 452 388 512 ad
401 442 650 512 Ecclesiam'renire
664 461 677 490 ⁸
690 467 745 507 nnn
758 449 872 507 diderat.
888 457 912 515 Α
926 447 996 517 lere)
1012 448 1106 519 jugum
1125 447 1273 502 Salvaturis
1292 447 1437 519 ,leuemque
1464 449 1597 505 sarcinam
1617 449 1711 516 tollam

89 553 162 609 Nunc
176 550 227 607 sibi
244 548 426 605 omnishomo
440 547 542 602 dcrtrre
550 545 634 616 partis
643 551 783 615 comparet
793 543 875 599 meri·
925 554 997 595 nunc
1009 540 1043 594 ab
1055 553 1089 595 co
1101 539 1186 595 discat
1206 539 1269 608 quia
1282 538 1355 595 mitis
1364 547 1408 595 est
1420 546 1448 594 et
1461 539 1568 595 humilis
1580 539 1676 608 corde,
1689 540 1714 599 si

88 653 153 708 tum,
168 640 259 696 sinam
271 637 328 693 ruit
341 637 455 693 siubuat
465 635 549 707 partis
560 634 681 707 perferre
700 642 873 690 tormentum.
926 632 1021 687 animae
1031 647 1086 688 suae
1096 632 1215 701 requiem
1227 630 1362 687 desiderat
1371 631 1506 699 invenire;
1517 647 1589 688 nnnc
1605 647 1714 688 arersm
1811 637 1814 643 '

88 730 162 787 lianc
175 728 295 785 ammdet
304 726 416 796 iustitiae
425 726 508 794 uiam,
520 732 550 780 nt
563 724 596 781 ud
610 724 723 796 patriam
734 723 834 787 teniat,
846 724 875 779 in
926 724 960 779 ad
974 724 1179 778 conversionem
1193 732 1302 790 currat;
1324 739 1395 779 nunc
1408 725 1514 794 iniquas
1527 724 1561 779 ab
1573 725 1716 795 iniquitate

88 836 138 890 qua
153 819 275 890 requiem
288 815 393 873 ‘babeat
408 816 609 886 sempiternam.
633 814 710 870 Nune
725 813 812 879 nonnis
829 813 876 882 qui
926 811 1058 877 discedat,
1070 828 1141 868 nune
1152 828 1244 869 errans
1254 813 1287 869 ad
1300 814 1371 868 riam
1382 814 1504 869 veritatis
1516 814 1620 870 redeat.
1634 814 1715 872 liudo
1823 820 1832 834 ‘

89 909 172 965 Mum
192 908 268 964 malis
286 906 414 979 operibus
430 905 588 970 exacerbat,
613 911 731 959 transeat
747 902 875 959 advitam
926 914 1029 974 quaerat
1041 905 1147 961 Domini
1159 904 1380 974 misericordiam,
1393 906 1439 979 qui
1453 923 1506 963 nnn
1520 908 1644 979 vultpati
1656 909 1716 965 sine

88 1001 196 1065 bonam,
210 1012 260 1070 per
273 1011 355 1067 quam
368 995 501 1066 propitius
511 994 582 1050 Dens
591 995 749 1064 acquiritur,
763 1001 792 1049 nt
805 993 877 1049 acci·
927 992 981 1050 line
993 995 1140 1052 miseriam.
1152 995 1232 1053 blodo
1246 1003 1349 1067 querat
1361 1006 1488 1054 mtemam
1500 998 1592 1065 uitam,
1603 1000 1648 1070 qui
1659 1015 1716 1057 nnn

88 1089 236 1160 piatritam
250 1096 397 1155 aeternam,
415 1101 495 1155 quam
509 1084 580 1142 licus
590 1086 668 1141 bonis
681 1084 740 1141 sine
754 1083 807 1139 line
821 1085 875 1141 lar·
925 1085 983 1140 ruit
994 1085 1022 1141 in
1031 1094 1163 1143 aeternnm
1175 1087 1340 1143 moriNnnc
1353 1089 1500 1158 praeveniat
1509 1090 1536 1144 in
1546 1088 1716 1146 consessione

89 1180 168 1249 gitur.
182 1177 267 1234 Nemo
277 1178 406 1248 desperet
414 1175 625 1233 misericordiam
632 1174 690 1242 Dei,
702 1174 875 1231 considerans
925 1175 1021 1233 taciem
1034 1176 1092 1241 Dei,
1109 1178 1155 1249 qui
1169 1194 1223 1234 non
1241 1178 1300 1233 nnlt
1309 1179 1475 1250 sempiterna
1487 1180 1627 1250 punitione
1640 1181 1715 1236 dam-

91 1268 259 1323 atrocitatem
272 1266 414 1337 cujuslibet
424 1266 557 1332 criminis;
567 1280 617 1321 nec
627 1263 875 1335 tamcoalitpuissub
926 1268 994 1323 nari.
1009 1267 1085 1325 Nunc
1096 1271 1168 1326 enim
1184 1269 1323 1326 fructuose
1332 1272 1491 1341 paenitentia
1504 1274 1715 1341 geritur,·nuno

89 1375 135 1430 spe
145 1358 335 1414 misericordiae
346 1358 394 1413 liei
403 1364 560 1428 permanent
573 1357 739 1427 inpeccatis.
754 1356 801 1412 sed
811 1370 875 1412 ron·
925 1359 1230 1430 remissiopecoatornm
1241 1360 1383 1432 paenitenti
1393 1363 1562 1429 conceditnr;
1571 1378 1642 1423 nurrc
1652 1378 1715 1419 con·

90 1446 197 1502 fidentia
209 1447 344 1517 sperantis
356 1446 465 1501 itasine
476 1445 644 1502 dubitatione
654 1453 728 1516 petat
742 1447 875 1516 poeniten·
926 1462 1004 1504 verso
1019 1449 1094 1517 regni
1106 1449 1238 1505 emiorum
1251 1451 1387 1521 possessio
1401 1467 1454 1507 non
1474 1460 1597 1521 negatur,
1620 1453 1647 1508 in
1661 1466 1714 1523 qua

90 1538 130 1592 tim
144 1544 267 1607 portum,
288 1542 317 1590 ut
328 1534 466 1591 humilitas
475 1535 631 1607 poenitentis
645 1524 732 1604 rugiat
749 1536 876 1605 despera·
925 1539 984 1594 sine
995 1536 1049 1593 bne
1060 1538 1159 1593 vivitur
1172 1548 1199 1594 et
1221 1540 1279 1594 sine
1292 1539 1345 1597 flac
1358 1541 1506 1610 gaudetur:
1519 1541 1564 1596 nbi
1579 1555 1629 1597 nec
1641 1555 1714 1598 mors
1783 1572 1796 1583 --

89 1626 168 1681 bonis
186 1625 287 1680 lethale
306 1623 485 1694 naufragium.
501 1623 536 1679 Et
549 1625 589 1680 sic
601 1624 648 1680 lici
662 1623 874 1680 misericordiam
925 1627 1077 1684 laetantibus
1088 1629 1279 1698 adimitritam
1290 1647 1341 1687 nec
1351 1648 1452 1689 moeror
1464 1633 1614 1688 virentibus
1624 1640 1715 1703 potest

90 1714 191 1784 diligat,
203 1722 232 1770 nt
246 1712 304 1783 ejus
316 1714 469 1771 consideret
482 1729 543 1770 cum
557 1714 655 1770 timore
662 1713 804 1783 justitiam.
819 1712 874 1770 To·
925 1715 1031 1773 auferre
1045 1717 1175 1773 lentitiam.
1189 1719 1218 1774 ln
1233 1719 1304 1790 qrrali
1318 1721 1390 1776 enim
1407 1721 1459 1777 lide
1473 1729 1501 1777 et
1517 1736 1599 1792 opere
1615 1736 1713 1776 unum·

89 1815 143 1862 tum
157 1806 209 1862 sibi
223 1813 315 1876 speret
328 1804 442 1861 relaxari
457 1818 538 1875 posse
556 1819 703 1871 conuerso,
719 1818 769 1860 nec
783 1802 874 1859 dimit·
889 1820 1058 1880 gqucmqne
1071 1808 1209 1865 bominum
1223 1811 1284 1866 ritae
1295 1812 1373 1881 buius
1387 1813 1520 1869 invenerit
1537 1812 1607 1880 linis,
1618 1813 1715 1869 talisei
1809 1867 1815 1875 ,

89 1894 197 1952 tendam
208 1902 298 1950 tamen
308 1895 409 1964 aliquid
422 1895 557 1951 existimet
570 1894 710 1952 obdurato.
725 1894 784 1951 lloc
803 1902 874 1953 tcm-
925 1896 1066 1952 retributio
1081 1897 1203 1965 dabitur,
1222 1898 1371 1968 cujusnon
1394 1902 1445 1957 erit
1460 1900 1530 1957 linis.
1555 1901 1623 1968 Quia
1642 1901 1715 1957 sicut
1790 1913 1795 1926 ·

88 2002 154 2057 pore
163 1992 251 2042 mutet
270 1986 378 2056 iniquus
390 1986 487 2053 vium,
508 1994 536 2042 et
549 2002 604 2042 non
620 1987 740 2042 inveniet
755 2002 874 2057 poenam.
926 1986 1014 2043 omnis
1026 1986 1072 2058 qni
1086 1996 1150 2043 ante
1164 1988 1245 2044 baem
1261 1991 1323 2045 vitae
1340 1991 1482 2061 praesentis
1500 2006 1646 2048 conuersus
1659 2006 1715 2046 non

88 2068 306 2148 ling'iatculpam
322 2085 350 2133 et
360 2073 474 2148 accipiet
485 2077 601 2133 reniam.
616 2077 644 2132 ln
659 2078 711 2133 boc
721 2078 792 2132 enim
806 2086 875 2132 tem·
926 2076 1023 2145 inerit,
1037 2084 1074 2133 ‚et
1094 2079 1120 2132 in
1140 2078 1219 2134 malis
1241 2080 1297 2135 suis
1311 2080 1425 2147 finierit,
1443 2081 1512 2136 ultra
1528 2081 1716 2151 requiemnon

87 2182 154 2239 pore
161 2168 323 2233 beneficium
336 2168 502 2231 remissionis
513 2168 671 2238 acquiritur,
689 2166 798 2237 quando
812 2182 874 2221 mu·
926 2168 1036 2224 babebit
1049 2186 1056 2222 ι
1071 2168 1111 2224 sio
1124 2169 1212 2225 omnis
1225 2170 1272 2240 qui
1293 2171 1320 2226 in
1335 2171 1388 2227 hoc
1402 2180 1524 2243 ternpore
1536 2171 1634 2229 divinis
1648 2185 1717 2241 prae-

89 2255 217 2313 udonem
229 2256 388 2323 voluntatis,
409 2257 499 2323 meriti
512 2270 620 2327 qnoque
633 2256 747 2311 mutatio
759 2255 873 2311 comita·
925 2258 1011 2331 ceptis
1025 2259 1169 2328 obediens,
1185 2275 1201 2315 a
1215 2262 1293 2317 malis
1304 2262 1360 2318 suis
1372 2277 1519 2318 conuersus
1532 2262 1629 2325 luerit,
1650 2260 1716 2316 siin

89 2354 138 2400 tur.
147 2342 224 2401 lianc
232 2347 321 2401 omnis
329 2346 377 2416 qui
386 2345 494 2403 laborat
503 2354 532 2402 et
545 2354 673 2403 oneratus
684 2354 735 2413 est,
748 2340 873 2402 adbcum
926 2348 978 2404 lide
989 2357 1064 2405 recta
1079 2358 1107 2405 et
1124 2351 1203 2407 bona·
1216 2353 1271 2406 rita
1290 2352 1359 2407 intra
1380 2351 1530 2408 Ecclesiam
1553 2350 1715 2407 catholicam

89 2442 227 2492 rorantem
237 2434 397 2492 rebcbndns
409 2437 501 2492 teniat
514 2454 523 2490 r
539 2452 610 2492 nunc
622 2450 702 2507 snper
713 2450 742 2492 se
752 2436 812 2492 lene
821 2436 869 2505 (at.
894 2462 898 2469 ·
924 2440 1139 2509 perseveraverit
1151 2455 1236 2510 usque
1248 2441 1276 2517 in
1289 2442 1380 2511 baem,
1390 2442 1533 2498 birsalrns
1543 2440 1605 2497 erit.
1617 2440 1713 2495 lmen.
1779 2450 1783 2462 ’

120 2522 211 2585 ·Μι.,
227 2524 330 2595 reniret

477 2914 479 2917 W
605 2738 1286 2884 ssnaarrrrnrr
1575 2816 1580 2827 -

219 2930 347 3044 nn
428 2927 1076 3046 tunnnnnntonn
1142 2933 1352 3048 nitri
1421 2937 1557 3048 ont

432 3122 502 3194 en
538 3121 732 3196 viarum
768 3121 1082 3194 animantum
1107 3094 1386 3219 nonnose,

523 3271 591 3349 Ab
630 3268 901 3365 scrutatu,
940 3268 1087 3348 ntuetr
1124 3271 1277 3349 uuus,

96 3532 101 3539 .
119 3486 206 3561 wc
219 3489 246 3544 l.
269 3489 467 3546 lettislitteris
480 3487 673 3558 praemisisti,
689 3486 727 3542 illi
740 3487 916 3553 cerimimec
964 3489 991 3542 2.
1004 3487 1142 3558 scripsisti
1156 3501 1237 3556 ergo,
1252 3496 1282 3541 nt
1297 3486 1349 3542 tnis
1364 3494 1424 3541 utar
1438 3488 1542 3557 uerbis,
1565 3489 1636 3559 quod
1657 3491 1718 3546 darn

87 3578 201 3649 Samia,
216 3579 566 3649 garisnssuminllomino,
587 3586 615 3634 ct
632 3578 878 3634 emnltauitanima
929 3579 964 3632 ad
988 3592 1105 3632 mertsarn
1127 3576 1270 3631 Cirristr'ani
1294 3575 1419 3631 Ecclesia
1440 3578 1574 3634 catholice
1597 3580 1646 3650 filii
1668 3581 1718 3635 mei

87 3685 145 3727 mea
159 3673 189 3727 in
199 3669 258 3728 Deo
266 3672 378 3728 salutm
389 3685 462 3739 meo,
476 3671 539 3741 quia
550 3656 639 3725 tadntr'
645 3684 693 3726 ros
703 3668 820 3727 uudinnr
834 3684 878 3725 sa·
928 3667 1021 3723 Euenti
1035 3668 1066 3721 de
1078 3666 1127 3722 Dei
1137 3666 1317 3721 incarnatione
1328 3667 1422 3721 locutio
1434 3675 1594 3733 rrusrerctrrr,
1605 3686 1672 3723 utras
1686 3685 1719 3723 ec

87 3757 166 3824 lutis,
188 3768 220 3815 et
232 3760 307 3816 cordi
318 3768 411 3816 restro
428 3758 592 3816 desiderium
605 3757 717 3827 justitiae
730 3757 879 3814 clementer
908 3759 999 3815 'rabis
1012 3759 1061 3813 lor
1074 3760 1106 3813 de
1117 3759 1175 3828 ipsu
1192 3758 1374 3812 incarnatione
1388 3760 1498 3811 asseruit
1517 3761 1639 3831 quoniam
1665 3748 1718 3814 non

86 3848 194 3916 inludia
210 3865 266 3921 quo
283 3866 377 3908 veram
398 3850 480 3906 fldem
494 3862 660 3918 cognoscere
678 3848 801 3919 cupiatis.
827 3846 879 3904 Per
928 3851 999 3906 Deus
1016 3851 1095 3905 Pater
1115 3865 1220 3904 curnem
1233 3848 1326 3915 induit,
1343 3850 1388 3903 sed
1406 3849 1489 3904 roiam
1502 3848 1551 3905 Dei
1571 3849 1596 3903 F
1598 3850 1667 3905 iiius.
1683 3848 1718 3903 tir

86 3938 156 3995 banc
167 3941 243 3996 enim
256 3941 320 3996 titre
331 3941 440 4011 largitas
452 3941 492 4014 ad·
506 3941 629 3996 homines
642 3941 729 4004 venit,
744 3938 817 4010 qnod
830 3952 880 4011 per
929 3945 995 3998 olins
1006 3943 1073 3998 attuit
1083 3958 1093 3996 .·
1105 3940 1166 4013 lpse
1175 3939 1255 4007 Deus,
1269 3940 1313 4012 ant
1327 3956 1392 3994 nnus
1403 3948 1442 3994 est
1451 3940 1478 3995 irr
1491 3941 1582 4006 tribas,
1597 3940 1718 4012 dignatur

86 4033 249 4103 propinem
261 4032 332 4090 Daue
344 4034 403 4103 ipre
415 4040 529 4089 testatus
542 4039 584 4088 est
595 4031 689 4097 dicens
704 4047 712 4085 r
725 4030 816 4086 lustra
828 4047 876 4085 au·
929 4042 968 4089 est
982 4049 1086 4088 carnem
1098 4030 1178 4103 407
1193 4045 1333 4095 assumere,
1346 4038 1375 4083 itt
1384 4039 1499 4085 nostram
1510 4032 1654 4086 seruitutem
1668 4046 1720 4101 qua

86 4126 136 4175 ιιιιι
149 4138 187 4177 ear
198 4122 256 4193 fide
268 4125 329 4179 uicit
342 4122 438 4195 (Rom.
451 4139 476 4192 r,
493 4123 543 4193 i'l)
555 4140 562 4190 ;
576 4122 643 4177 tides
656 4130 745 4178 numm
756 4122 801 4177 illa
814 4135 879 4177 vera
929 4113 976 4197 per
987 4124 1219 4196 transgressionem
1237 4122 1321 4192 patris
1338 4121 1420 4176 nostri
1430 4120 1495 4175 Adae
1505 4119 1612 4193 obligati
1621 4119 1720 4175 detine·

85 4214 249 4283 sppeiianda
258 4223 429 4286 estonam
439 4230 512 4281 scra,
522 4229 575 4270 non
590 4215 660 4282 licto,
671 4228 752 4284 qnam
767 4220 876 4269 sanctus
930 4215 1031 4279 inurar,
1043 4213 1227 4270 adiibertatern
1236 4213 1395 4285 perduceret.
1407 4202 1512 4267 lieinde¹
1521 4210 1644 4266 dicisros
1654 4210 1720 4265 scire

84 4303 262 4359 commendat
274 4305 418 4375 Apostolus
428 4304 523 4361 dicens
540 4321 547 4357 :
563 4302 641 4358 Finis
659 4313 746 4361 atum
758 4304 879 4374 precepti
930 4322 1022 4377 rapere
1034 4306 1056 4361 ti
1066 4306 1121 4377 ipre
1135 4304 1205 4360 Deus
1218 4303 1296 4359 Pater
1306 4302 1499 4358 mscenderitet
1508 4317 1611 4355 earnem
1622 4316 1721 4353 assunt·
1755 4326 1758 4333 »

83 4398 121 4445 ert
134 4394 239 4449 caritas
252 4394 285 4448 de
300 4394 378 4451 carde
390 4410 471 4463 patro,
486 4402 512 4448 et
525 4394 683 4448 contricatis
696 4394 774 4457 bana,
789 4403 814 4447 et
827 4392 880 4463 nae
930 4397 1021 4468 presit,
1030 4412 1065 4449 arr
1074 4396 1129 4467 ipsa
1138 4394 1274 4460 residente,
1284 4384 1721 4461 Verbomurrdoueritpnodcarrrem

83 4496 134 4535 nort
147 4482 217 4551 ficta
230 4480 260 4553 (l
271 4480 337 4537 l'irrr.
352 4498 373 4551 r,
385 4480 425 4553 5).
439 4483 505 4537 Nam
519 4484 583 4553 quia
598 4482 668 4538 idern
678 4483 774 4537 beatas
781 4479 879 4537 Paulus
931 4484 1108 4555 assumpserit.
1136 4481 1209 4536 liiris
1229 4497 1276 4536 nos
1294 4482 1373 4535 etiarn
1383 4480 1450 4533 seire
1469 4479 1590 4535 ananiam
1608 4474 1720 4530 Verbum

83 4572 170 4635 gratia
186 4586 243 4627 nos
255 4571 321 4628 dicit
331 4572 421 4628 salros
434 4572 520 4628 laotos
533 4587 594 4628 esse
612 4586 663 4642 per
680 4570 777 4637 ildern,
798 4586 879 4641 qnam
931 4590 995 4629 raro
1007 4575 1168 4643 [temneat.
1183 4578 1211 4623 nt
1225 4572 1279 4637 ipse
1291 4567 1418 4622 babitaret
1432 4568 1459 4620 in
1472 4564 1555 4620 notis.
1573 4563 1624 4620 Ubi
1637 4564 1719 4619 etium

81 4672 136 4713 Μ
150 4676 189 4716 ux
208 4660 299 4727 nonis,
311 4661 360 4718 aad
372 4660 421 4719 bot
435 4664 533 4719 nnana
545 4662 645 4718 donum
661 4661 772 4733 (repta.
788 4676 821 4726 n,
832 4659 879 4732 8),
931 4669 989 4726 nae
1002 4665 1084 4723 rerba
1100 4661 1234 4721 subvenis
1248 4645 1340 4716 ateias
1352 4677 1359 4712 ι
1372 4659 1425 4715 Sea
1435 4659 1503 4713 inin
1517 4656 1637 4722 tntum,
1652 4655 1720 4720 onon

82 4749 178 4820 'mil'le
193 4765 261 4806 ⁹0¹²
272 4751 347 4808 ΝΜ
359 4766 413 4808 ⁰⁰¹¹
426 4753 479 4809 bril
490 4753 536 4809 ubi
549 4766 613 4808 lem
629 4751 695 4807 fflffl
713 4766 768 4805 ⁰⁰¹¹
779 4749 878 4815 luerit;
932 4759 1002 4815 Dens
1016 4765 1068 4822 est,
1092 4764 1118 4811 at
1130 4753 1251 4820 Patrem,
1271 4752 1314 4824 qui
1333 4749 1403 4805 Deus
1417 4759 1470 4813 est,
1490 4765 1543 4802 una
1556 4756 1721 4817 utrorumque

80 4853 140 4909 qm
150 4857 219 4897 cum
235 4840 364 4899 divinitus
383 4842 545 4913 infunditur,
559 4843 654 4915 pracial
667 4840 750 4898 dnbio
763 4841 879 4911 gratuita
892 4865 919 4928 D
933 4847 1092 4905 dmcnrderit
1102 4845 1136 4899 ad
1146 4843 1303 4899 induendam
1317 4857 1422 4896 cernent
1432 4840 1565 4912 majestas,
1583 4840 1644 4910 qaia
1658 4838 1722 4910 lepi-

80 4931 213 5003 hfbiuw
223 4933 356 5001 (10113ῑῦῑὶ
370 4943 398 4991 θῑ
409 4934 704 5007 ubibdrieltmssdbffl
715 4932 882 4989 veritatluc·
931 4960 1001 5011 anus,
1020 4939 1128 5010 monis:
1147 4935 1224 4992 «iiic
1237 4934 1307 4991 licus
1320 4944 1424 4998 noster,
1442 4943 1467 4989 et
1481 4949 1533 4988 non
1552 4930 1722 4988 restinrair'tar
1805 4999 1809 5003 .

79 5024 115 5079 rit
126 5024 312 5091 credulitatis,
329 5028 429 5083 ueritas
440 5028 538 5097 utique
549 5026 722 5084 comitabitur
732 5033 761 5083 et
768 5026 876 5082 salutis:
932 5035 1000 5088 mine
1014 5032 1109 5103 nisque
1118 5028 1165 5083 ilio
1184 5045 1194 5082 .·
1213 5035 1272 5098 post
1283 5027 1340 5082 bne
1349 5027 1376 5080 itt
1391 5035 1459 5079 terra
1474 5025 1542 5079 nsua
1553 5029 1606 5088 est,
1626 5030 1650 5076 et
1664 5037 1722 5076 curn

78 5114 209 5183 ‘'⁰5⁸0''ss
223 5121 315 5170 mm
328 5130 344 5170 ²
358 5131 422 5172 ’θη
444 5117 497 5172 ΜΘ
516 5115 678 5183 deviaverit,
700 5130 771 5173 lelae
785 5116 880 5172 ⁸⁸1⁰!ss
932 5121 1078 5179 bominibus
1095 5128 1259 5174 contuerentur
1272 5116 1440 5189 est(Barurlr
1454 5130 1498 5183 ut,
1513 5113 1601 5187 36).»
1630 5114 1722 5168 Adbuc

77 5205 200 5274 ΜΦ
215 5221 272 5263 Ιιθιι
285 5206 406 5263 babebit.
415 5207 533 5265 Proinde
544 5218 653 5287 torpere
662 5223 716 5264 non
729 5205 880 5264 debetlide·
932 5210 1009 5268 addis
1018 5220 1047 5267 et
1059 5209 1140 5275 dieis,
1153 5207 1224 5279 quod
1238 5224 1296 5262 cam
1305 5205 1375 5261 istud
1387 5206 1560 5261 testimoniam
1573 5204 1601 5258 in
1611 5202 1721 5257 medium

78 5295 240 5353 bannimus
248 5296 282 5353 ad
295 5299 470 5367 quarendum
481 5300 506 5355 si
519 5299 586 5375 quid
600 5301 626 5355 in
637 5296 807 5356 sacramento
818 5297 881 5355 fidei
931 5302 1101 5373 proferretis,
1123 5299 1171 5354 iroe
1183 5298 1229 5354 ille
1245 5296 1390 5352 econtrario
1404 5296 1503 5351 iarubrr
1516 5304 1575 5350 est:
1590 5292 1631 5348 De
1648 5291 1723 5348 Fttir

76 5389 238 5448 tibicernit
250 5391 404 5461 ambiguum
414 5410 421 5447 r
430 5393 546 5449 maxime
555 5394 584 5450 in
596 5393 725 5466 mysterio
739 5393 880 5450 dominica·
933 5394 981 5449 iae
991 5394 1057 5448 dicit
1069 5402 1095 5458 ι,
1106 5408 1157 5446 non
1170 5390 1202 5445 de
1215 5390 1295 5445 Patre
1306 5407 1316 5445 .·
1328 5397 1353 5445 et
1368 5400 1394 5444 tu
1408 5389 1432 5443 ri
1447 5389 1482 5442 ari
1495 5402 1609 5460 presens
1622 5390 1720 5441 locatus

76 5482 294 5547 humationis,
303 5498 353 5554 per
364 5499 444 5554 quam
456 5483 559 5554 justitia
573 5485 676 5556 impiis.
691 5485 747 5539 rita
755 5484 878 5551 mortuis,
933 5502 976 5550 er,
996 5495 1026 5539 ιιι
1039 5483 1107 5557 qaod
1119 5482 1196 5537 simui
1215 5483 1313 5553 pariter
1325 5481 1453 5552 ignoratis
1468 5480 1503 5534 ad
1521 5496 1568 5536 nor
1587 5492 1718 5535 recursant

75 5573 153 5630 salus
170 5572 309 5640 inmun,
335 5582 364 5630 et
380 5588 451 5631 serae
474 5575 606 5632 libertatis
619 5585 660 5631 est
677 5575 762 5644 gratia
781 5575 880 5631 donata
934 5578 1063 5647 [nemetis.
1080 5574 1147 5630 iiuic
1160 5574 1360 5643 interrogationi
1371 5588 1452 5645 qrram
1463 5573 1548 5646 prima
1563 5586 1625 5645 pars
1634 5570 1721 5626 conti-

75 5668 216 5738 eaptivis.
682 5696 686 5702 ·
875 5694 878 5699 ·
935 5676 986 5722 net
1010 5674 1116 5721 tuarum
1134 5664 1284 5721 litterarum
1312 5664 1445 5719 reddenda
1462 5681 1532 5722 utrae
1546 5673 1617 5721 csta
1634 5658 1723 5726 nobis,

112 5798 382 5891 fEmendamuser
399 5800 456 5874 ipsa
470 5800 582 5872 epistola
596 5814 656 5870 aare
669 5798 877 5876 babetursupra
891 5797 935 5855 tu:
950 5797 1088 5869 legebatur
1101 5797 1173 5855 eninr
1187 5813 1238 5854 non
1255 5794 1334 5867 dixit,
1349 5796 1395 5854 sed
1408 5798 1487 5854 mab.
