4106 6330
215 393 266 453 rso
448 346 451 355 ’
901 391 1162 457 motuuonnnu.
1793 397 1845 455 ru
1941 464 1948 473 ,

208 506 329 581 trepidat
341 506 405 566 illuc
413 505 513 577 redire,
523 507 569 569 ubi
581 508 685 567 cunctis
697 509 782 581 possit
796 510 857 566 esse
868 510 1001 582 superior.
1014 509 1043 573 Δ
1054 523 1125 576 nem,
1141 507 1228 565 donec
1238 508 1371 587 inveniret
1384 511 1494 569 beatum
1504 509 1681 582 fulgentium,
1695 520 1842 583 cogitabat.

208 600 286 657 Tunc
308 599 415 657 abbatis
434 597 533 657 Felicis
545 608 573 654 et
586 600 707 655 omnium
721 598 834 656 fratrum
854 614 923 671 qnos
937 600 1001 669 reii-
1052 598 1243 657 Vemmtamen
1258 601 1356 659 timens
1377 617 1422 670 ne,
1444 603 1509 659 dum
1519 601 1565 657 din
1577 602 1675 658 beatus
1688 600 1843 672 Fulgentius

206 697 306 764 querat
318 658 397 747 deidr
406 705 440 746 ex
450 691 614 749 necessitate
626 691 768 747 consilium
778 706 896 759 sumens,
908 701 1003 764 patro·
1052 693 1189 762 queritur,
1205 694 1276 752 fama
1297 695 1356 751 baec
1376 694 1565 766 Carthaginem
1582 692 1746 767 perveniret,
1761 700 1844 765 atque

205 782 281 839 ciuio
295 781 382 839 sancti
395 778 488 836 Fausti
502 780 622 854 episcopi
632 781 768 839 insulanos
778 785 926 841 monachos
938 785 1000 855 pnl-
1051 782 1114 839 iude
1137 800 1229 840 rursus
1253 785 1351 855 regalis
1366 784 1518 842 interdictio
1532 792 1698 851 nasceretur,
1713 784 1752 840 ita
1765 798 1842 840 com·

203 880 258 931 sat.
279 871 328 929 iiic
351 872 475 944 protinus
498 872 645 944 episcopali
660 875 821 931 auctoritate
843 891 922 931 soum
940 892 1000 933 esse
1051 875 1169 947 pellente
1182 876 1360 933 festinationis
1382 878 1553 945 necessitate,
1569 876 1717 932 suadentur
1737 874 1788 932 sibi
1808 875 1844 931 de

203 964 368 1023 monachum
377 961 548 1033 Fulgentium
563 963 672 1035 allegat,
688 965 794 1036 sibique
812 964 899 1036 reddi,
913 975 942 1025 et
953 968 999 1024 obi
1050 967 1106 1023 suis
1117 966 1222 1023 clericis
1234 966 1348 1023 alterum
1362 975 1493 1039 querere.
1503 966 1611 1038 Sic‘per
1624 965 1708 1022 muita
1721 965 1782 1022 ioca
1796 964 1842 1021 nbi

202 1056 264 1128 ipse
279 1054 391 1126 jusserit
411 1052 505 1111 virere
527 1054 628 1111 debere
641 1044 797 1112 confirmat
821 1055 937 1113 Minatur
951 1074 998 1115 er·
1049 1059 1145 1115 beatos
1164 1058 1321 1128 Fulgentius
1335 1066 1381 1114 aot
1400 1059 1511 1130 primos,
1526 1066 1573 1115 aut
1586 1057 1660 1115 solus
1673 1057 1776 1114 ciectus
1790 1064 1842 1121 est,

201 1145 477 1209 communicationem
487 1144 753 1214 contradicentibos;
765 1162 853 1219 ipsum
863 1164 928 1205 nero
938 1149 1000 1206 Fui·
1049 1156 1191 1220 postquam
1205 1149 1316 1204 minime
1331 1148 1420 1220 potuit
1433 1147 1556 1214 inveniri,
1577 1147 1651 1204 dedit
1672 1147 1731 1205 aliis
1752 1147 1841 1204 bono·

200 1241 333 1310 gentium,
347 1239 398 1295 uisi
409 1238 571 1302 consentiat,
585 1237 801 1296 inobedientibus
812 1239 926 1296 similem
937 1258 999 1312 pro·
1048 1238 1086 1295 ris
1100 1237 1138 1310 (d)
1150 1238 1249 1295 summi
1263 1238 1409 1294 licentiam.

201 1330 309 1389 nuntiat
320 1326 505 1399 indicandum.
522 1326 592 1395 Quid
605 1328 707 1384 muita?
731 1327 881 1401 iieponitur
904 1347 998 1387 rursus
1083 1328 1127 1385 iil.
1149 1327 1328 1400 itepietajam
1352 1326 1439 1384 luerat
1453 1327 1590 1399 provincia
1604 1328 1744 1402 Byzacena
1764 1327 1841 1385 noris
1924 1320 1927 1327 ’

199 1423 298 1477 beatos
311 1418 467 1490 Fuigentius
476 1417 511 1472 ad
524 1418 718 1475 monasterium
731 1419 882 1490 proprium,
905 1420 997 1478 subire
1049 1421 1245 1486 sacerdotibus,
1262 1429 1290 1477 et
1302 1435 1370 1493 piene
1391 1421 1435 1476 ris
1455 1436 1601 1492 paucarum
1615 1420 1733 1491 plebium
1745 1420 1840 1478 cutbe-

198 1512 357 1585 praecipitor
369 1509 475 1567 abbatis
487 1508 616 1567 officium.
626 1506 659 1563 iit
673 1525 708 1565 ne
721 1508 818 1566 lterum
833 1525 848 1564 a
863 1509 997 1567 desiderio
1048 1512 1103 1567 lime
1123 1517 1309 1566 remanserant
1330 1508 1473 1565 destitute.
1491 1509 1571 1579 Regis
1582 1523 1691 1581 qnoque
1703 1516 1841 1567 commota

197 1602 314 1675 spiritali
330 1601 466 1657 mutabilis
481 1600 569 1666 fleret,
585 1611 698 1672 repente
711 1616 774 1657 eom
788 1601 916 1659 sacerdos
930 1618 996 1659 cou-
1046 1602 1157 1668 saeuitia,
1172 1609 1284 1658 cunnos
1295 1599 1350 1671 jam
1361 1600 1520 1658 decreuerat
1529 1600 1626 1658 exsilio
1635 1602 1839 1674 mancipandos,

197 1702 289 1751 seerat
302 1692 500 1764 presbytemm,
513 1700 544 1746 ut
556 1689 662 1746 abbatis
673 1698 700 1747 et
715 1690 864 1764 presbyteri
878 1690 993 1748 decora·
1046 1693 1075 1748 in
1089 1694 1174 1765 ipsum
1189 1693 1314 1763 primitus
1328 1691 1522 1757 ordinatorem,
1538 1692 1565 1747 id
1579 1701 1621 1748 est
1633 1692 1777 1765 primatem
1789 1708 1840 1751 no·

195 1795 242 1842 tus
257 1783 360 1854 officio,
375 1799 426 1839 uec
439 1783 635 1840 monasterium
649 1782 813 1854 relinquere,
836 1797 888 1840 nec
899 1782 927 1837 in
941 1783 994 1840 alia
1045 1785 1118 1842 mine
1132 1784 1280 1849 Victorem,
1296 1782 1461 1855 procedente
1473 1783 1618 1850 sententia,
1632 1783 1678 1854 qni
1686 1782 1743 1855 jam
1753 1798 1839 1839 aser·

195 1879 318 1939 Ecclesia
332 1886 424 1951 posset
436 1876 567 1932 ordinari.
582 1922 585 1928 .
1008 1878 1087 1951 nris
1100 1877 1171 1946 regis
1184 1876 1346 1933 exeuntibus
1365 1885 1470 1946 captus,
1492 1874 1527 1931 ad
1540 1873 1730 1944 Carthaginem
1754 1875 1838 1933 duca·

230 1969 484 2039 caticuminum
509 1976 538 2024 et
554 1967 666 2024 honoris
688 1968 862 2040 compedibus
876 1968 991 2036 vlumus,
1044 1970 1133 2024 batur.
1147 1967 1307 2023 Etomulno
1321 1965 1484 2023 succedente
1498 1965 1602 2036 maiore
1620 1967 1837 2032 tristitiarum

193 2063 279 2135 erepit
294 2060 351 2130 jam
365 2061 462 2116 beatos
473 2057 630 2127 Fuigentius
651 2058 839 2128 equanimiter
853 2065 992 2116 monaste·
1043 2058 1094 2117 fuit
1107 2060 1134 2114 iu
1148 2058 1269 2131 publicos
1280 2057 1368 2113 luctus
1383 2056 1560 2113 ordinationis
1577 2063 1721 2128 assumptas
1733 2056 1835 2115 ltetftia.

193 2155 266 2211 rium
280 2167 358 2210 suum
373 2164 478 2220 regere,
490 2148 616 2221 iamaque
634 2158 774 2207 crescente
789 2151 928 2219 laudabili,
948 2167 993 2208 so·
1044 2154 1119 2210 Tunc
1133 2152 1245 2209 occultis
1259 2151 1360 2207 nuntiis
1380 2149 1557 2206 edocentibus
1580 2149 1711 2207 transisse
1731 2157 1837 2222 tempus

193 2263 244 2321 per
257 2246 353 2303 omues
368 2242 466 2300 dirime
479 2243 633 2315 provincias
646 2242 828 2311 innotescere,
839 2245 866 2300 in
877 2244 936 2316 ipso
948 2261 992 2300 au·
1042 2245 1172 2304 faciende
1182 2243 1370 2307 ordinationis,
1385 2242 1480 2299 beatus
1502 2241 1660 2311 Fulgentius
1677 2250 1777 2313 putans
1789 2257 1837 2299 ca·

192 2347 250 2396 tam
270 2336 309 2411 (a)
324 2334 476 2392 iloutornm
490 2334 629 2391 territorio
644 2341 771 2406 tanquam
795 2337 992 2407 proprinsepi·
1044 2337 1145 2394 tbedris
1168 2351 1249 2407 qoam
1276 2335 1394 2391 maxime
1418 2333 1550 2405 proximis
1574 2334 1716 2406 episcopos
1742 2333 1835 2392 baberi

192 2443 293 2501 scopus
320 2425 461 2493 honorari,
485 2424 587 2497 paratis
613 2425 753 2491 omnibus,
778 2426 992 2499 quandocunque
1042 2430 1176 2501 proprios,
1195 2428 1254 2499 ipse
1264 2442 1359 2482 rursus
1373 2425 1531 2481 monasterii
1542 2425 1583 2481 sui
1598 2418 1835 2495 congregationem
1935 2447 1937 2450 ⁴

193 2521 308 2579 facultas
320 2516 462 2577 ordinandi
473 2517 629 2590 episcopum
639 2518 828 2586 concessisset,
840 2519 920 2587 beato
932 2518 992 2574 Ful·
1042 2522 1192 2590 gubernare
1205 2521 1361 2587 revertitur,
1369 2518 1435 2574 nibil
1444 2518 1571 2574 dubitans
1578 2532 1666 2588 neque
1678 2517 1834 2584 formidans,

196 2613 289 2687 gentio
301 2611 418 2683 primum
435 2607 473 2683 (i)
488 2608 668 2666 sacerdotium
687 2609 799 2667 sorbus
813 2620 842 2666 et
855 2610 991 2666 mentibus
1041 2613 1089 2670 scd
1099 2613 1209 2668 omuino
1220 2627 1249 2668 se
1261 2609 1565 2683 pontificalisdignitatisi
1574 2609 1692 2666 erasisse
1699 2610 1833 2669 sarcinam

197 2711 303 2775 petere,
325 2718 373 2761 nec
394 2702 510 2758 aiterum
534 2702 585 2758 nisi
610 2701 719 2758 beatum
746 2701 916 2773 fulgentium
939 2703 991 2759 sibi
1041 2705 1168 2775 gaudens.

198 2794 350 2853 consecrari
362 2794 528 2867 permittere.
538 2791 705 2850 Desiderium
719 2793 815 2850 detrude
829 2794 991 2865 populorum
1039 2817 1131 2875 em,
1146 2832 1210 2874 m,
1230 2816 1307 2872 Μὴ
1321 2815 1446 2872 gmon„
1464 2814 1622 2886 flamm
1634 2814 1724 2870 ,epm
1741 2772 1831 2870 Μέθῃ.

196 2885 270 2945 Deus
283 2886 396 2954 ridebat,
405 2885 493 2959 ipsum
507 2900 616 2957 quoqne
629 2885 737 2941 beatum
750 2884 922 2956 fulgentium
935 2901 990 2942 nou
1077 2887 1230 2961 Fulgentius
1250 2890 1350 2970 copitar
1370 2887 1546 2957 episcopatum
1568 2884 1728 2966 lismensem
1750 2887 1832 2968 rucei.

193 2978 307 3037 latebat.
1075 2975 1145 3031 perc.
1168 2958 1245 3013 Folia
1264 2959 1389 3013 dmconus
1408 2957 1526 3028 repulsus
1545 2953 1686 3028 Fulgentm
1699 2958 1776 3013 corat
1788 2973 1831 3012 rn-

189 3095 283 3179 Gna-⁷
303 3109 359 3179 η’
393 3090 537 3177 Iudam
562 3091 634 3163 ψ
658 3097 761 3214 εἴκων
783 3105 816 3145 ¹²³
835 3090 989 3174 &dinem
1075 3031 1332 3196 {diminuerentur
1347 3138 1436 3195 aitiori
1448 3136 1645 3195 consiliolleus
1660 3144 1754 3197 noster
1763 3152 1831 3209 pror·

223 3163 649 3291 interdistinctus:
688 3168 727 3215 ⁰⁸¹
742 3162 988 3233 '⁰⁶¹“m²¹'¹⁸⁶⁰⁹⁰'
1001 3250 1026 3329 c·
1041 3181 1174 3288 lesuin
1188 3228 1341 3300 perficiens,
1363 3227 1408 3284 m
1428 3227 1540 3283 amsi
1561 3226 1832 3287 annosum.

223 3325 281 3384 Sed
299 3325 363 3397 quia
384 3332 449 3380 tune
470 3323 569 3393 regalis
591 3323 739 3378 auctoritas
759 3323 902 3393 episcopos
915 3322 988 3378 ordi·
1039 3325 1205 3389 facudtatem,
1219 3321 1349 3379 doctrinae
1358 3320 1485 3377 salutaris
1498 3319 1563 3376 dere
1578 3317 1635 3390 iam
1647 3319 1832 3379 solebatauc·

188 3417 251 3475 uari
274 3416 460 3488 prohibuerat,
485 3428 537 3470 nec
562 3412 679 3468 viduatis
699 3412 824 3485 plebibus
845 3412 989 3484 prouidere
1040 3416 1188 3481 toritatem,
1204 3428 1240 3469 ne
1253 3413 1361 3468 deesset
1374 3409 1589 3468 fideicatboiicae
1610 3418 1705 3468 eontra
1718 3409 1834 3470 Arianos

187 3518 315 3585 pastores
336 3508 444 3573 licebat,
460 3520 573 3562 securus
595 3503 793 3560 interdictionis
813 3502 893 3573 buius
916 3510 986 3559 tenr-
1040 3505 1387 3577 fidelissimuspraedicrtor.
1401 3503 1430 3558 lu
1446 3512 1567 3573 tempore
1576 3516 1642 3573 ergo
1651 3501 1833 3559 tribulationis

188 3616 257 3676 pora
270 3597 446 3668 transigebat,
460 3594 623 3669 superfluum
635 3594 759 3665 judicans
770 3594 902 3651 bonorem
919 3593 989 3663 fugae
1039 3599 1205 3656 abscondere
1215 3597 1300 3653 uoluit
1312 3595 1360 3666 (ol.
1372 3594 1467 3664 rvoioit)
1477 3610 1525 3651 ras
1536 3593 1742 3664 oleudouismer
1752 3607 1832 3665 qoem

188 3692 315 3766 presidio
328 3702 465 3754 recusare,
476 3701 557 3759 quem
571 3699 622 3740 nec
635 3682 700 3740 dare
710 3685 791 3741 alicui
803 3683 843 3740 fas
852 3691 921 3749 erat,
936 3698 989 3741 uec
1038 3689 1326 3760 disposueratimpiere
1333 3685 1450 3743 officium
1458 3686 1665 3758 predicationis.
1672 3684 1737 3742 Erat
1743 3685 1833 3744 adbuc

189 3783 325 3855 accipere.
1039 3783 1130 3853 Ruspe
1139 3782 1228 3837 nobile
1238 3780 1376 3852 oppidum,
1388 3779 1542 3837 clarissimis
1552 3778 1749 3835 habitatoribus
1757 3792 1831 3849 pror·

223 3875 269 3932 35.
291 3872 439 3943 Postquam
447 3885 514 3928 sero
527 3884 605 3926 sacra
618 3868 697 3925 turba
710 3867 868 3941 pontificum
880 3869 927 3940 qul
941 3885 988 3926 re-
1038 3894 1085 3933 sos
1102 3877 1215 3943 illustre,
1234 3876 1276 3931 coi
1295 3875 1384 3931 nulius
1403 3871 1492 3930 fuerat
1512 3872 1655 3944 episcopus
1676 3868 1830 3938 ordinatos,

188 3973 358 4034 manserunt,
373 3962 571 4021 communitam
586 3962 657 4017 infer
677 3976 708 4017 ὅθ
726 3959 849 4027 &tullios
874 3961 988 4019 defiuie·
1038 3968 1101 4039 qoia
1111 3967 1241 4022 diaconus
1254 3963 1363 4035 quidam
1377 3962 1452 4020 Felix
1466 3963 1591 4030 nomine,
1606 3961 1653 4032 qui
1666 3959 1768 4019 ambire
1780 3974 1832 4015 ro·

188 4066 254 4116 runt
267 4058 397 4114 adversus
410 4060 576 4126 preceptum
589 4053 661 4123 regis
676 4052 703 4108 iu
718 4050 844 4108 omuibus
858 4050 926 4108 lucis
940 4068 987 4108 or·
1039 4059 1125 4113 iuerat
1137 4055 1267 4111 bonorem
1281 4052 1427 4125 pontilicis,
1437 4051 1604 4123 repudiatos,
1614 4050 1642 4107 in
1655 4048 1701 4105 iiio
1711 4048 1771 4105 ioco
1782 4063 1833 4106 nee

186 4149 341 4207 dinatlones
354 4133 492 4203 celebrare
507 4140 676 4215 pontificum,
689 4142 842 4212 cogitantes
856 4151 903 4197 aot
916 4142 989 4212 regis
1038 4152 1097 4222 ipse
1106 4149 1270 4211 merebatur,
1281 4162 1332 4202 nec
1342 4147 1455 4202 aiterum
1466 4146 1588 4216 recipere
1596 4142 1758 4215 patiebatur.
1770 4140 1832 4199 l'ra·

187 4238 365 4307 iracundiam,
387 4236 482 4307 siqua
504 4233 617 4291 forsitan
638 4233 778 4302 existeret,
800 4232 986 4303 mitigandam,
1038 4252 1080 4299 rer
1095 4242 1196 4313 quippe
1211 4239 1270 4309 ejus
1288 4251 1432 4308 germanos
1451 4236 1553 4297 amicus
1570 4233 1766 4305 procuratoris,
1783 4247 1833 4304 per

187 4349 245 4406 quo
262 4332 368 4389 iaciiius
388 4327 507 4386 ordinati
521 4327 550 4382 in
563 4326 620 4383 suis
633 4325 701 4382 locis
713 4324 757 4381 rei
771 4324 896 4395 plebibus
910 4324 986 4380 tire·
1038 4331 1186 4403 potentiam
1203 4328 1339 4386 mutaris
1352 4327 1467 4384 actionis
1480 4326 1650 4385 ministrabar
1662 4324 1734 4381 vise,
1746 4324 1832 4381 mgr.

186 4433 261 4495 reot,
275 4432 323 4481 aut
336 4423 359 4479 si
372 4417 570 4493 persecutionis
580 4417 711 4474 uiolentia
729 4424 898 4481 nasceretur,
911 4429 989 4471 coro·
1039 4427 1129 4482 tionis.
1148 4423 1231 4480 potor
1250 4424 1426 4480 bonestorum
1446 4421 1545 4483 megum
1566 4428 1672 4476 maures
1691 4416 1728 4491 (ι)
1746 4418 1831 4475 vege.

186 4516 293 4574 uanius
305 4514 387 4571 etiam
408 4510 471 4569 fidei
493 4509 662 4567 mulessione
675 4521 745 4579 quos
757 4506 855 4577 dignos
866 4504 989 4562 nnenie-
1038 4531 1114 4573 mens
1133 4514 1303 4583 exagitabat,
1324 4529 1374 4570 cus
1391 4511 1442 4569 ,011
1461 4511 1654 4568 remansissem
1672 4510 1733 4569 sing
1754 4517 1831 4580 parm

188 4607 257 4665 baut
265 4605 443 4679 plumbiititie,
459 4601 638 4658 ministerium
644 4615 711 4657 veit)
720 4614 800 4656 sunm
813 4598 917 4655 idttffllts
934 4598 986 4653 itu·
999 4635 1028 4698 D
1039 4607 1161 4679 spiritali,
1172 4607 1219 4676 qui
1230 4604 1389 4662 videbamur
1397 4618 1479 4675 super
1489 4611 1603 4659 &mog
1610 4601 1745 4659 agenore
1753 4599 1830 4655 nobi.

186 4699 324 4773 illem,
351 4704 434 4767 at{1¹¹0
456 4694 529 4751 5⁰¹0?
554 4693 627 4765 ipsas
652 4692 841 4750 “Milifflef
866 4691 984 4762 propriis
1038 4701 1114 4757 litate
1127 4699 1237 4765 carnali,
1252 4700 1285 4771 (s)
1300 4713 1362 4754 cum
1375 4703 1488 4769 repente
1501 4694 1572 4751 fama
1585 4706 1669 4751 verax
1677 4691 1831 4749 dolentibus

185 4791 311 4865 fiebibiss
329 4788 427 4846 ⁸⁰¹³&
450 4785 632 4858 imiliifflsi
655 4783 686 4839 fll
703 4790 817 4857 repente
832 4782 983 4840 ⁰⁰m¹¹¹fl¹¹i⁸
1034 4790 1142 4848 annuat
1163 4789 1273 4845 beatum
1295 4787 1479 4857 fulgentium,
1504 4800 1585 4855 qoem
1604 4791 1647 4841 tot
1664 4782 1724 4839 loca
1742 4781 1830 4852 primo

183 4882 346 4952 winili),
360 4880 543 4953 immilem&
556 4877 696 4943 diaconos,
710 4875 772 4933 elii
786 4890 856 4946 (1⁰0⁸
876 4874 982 4931 initui·
1034 4882 1186 4942 sacerdotio
1198 4880 1385 4951 iudicaverant
1397 4880 1522 4949 dignum,
1535 4876 1688 4933 autumnus
1707 4881 1831 4943 tempore

182 4981 228 5032 rel
249 4972 358 5040 eiectio,
382 4984 489 5043 iiiiii·
512 4967 688 5053 beiedifflfi
712 4981 876 5024 ⁰⁰¹¹⁸0⁰r³¹⁰
894 4973 983 5022 ⁰0¹&-
1034 4974 1212 5033 ordinationis
1226 4974 1375 5038 internum,
1391 4970 1552 5028 remansisse
1561 4969 1759 5040 presbyterum,
1770 4966 1830 5036 glo·

182 5069 235 5124 ¹5¹⁰
250 5059 721 5140 (⁶)1005355sslisslliili0110fflssiihilii
737 5074 773 5117 ¹¹⁰
787 5061 816 5117 iu
830 5058 878 5115 tali
891 5057 982 5115 tludi⁰
1035 5066 1075 5122 ria
1087 5065 1191 5136 maiore
1203 5065 1341 5131 restitum,
1350 5061 1422 5133 quod
1435 5059 1548 5116 bonoris
1562 5056 1709 5128 superioris
1721 5055 1762 5112 sic
1775 5054 1830 5112 cal·

182 5157 294 5230 ffltlilisss
304 5165 352 5212 ³11¹
363 5156 456 5213 millii
474 5161 522 5211 ⁸¹¹²
535 5152 698 5210 ¹¹⁰Vi⁵Sl¹¹¹¹¹⁸
716 5151 891 5208 invenimur·
905 5149 982 5206 Titne
1035 5166 1145 5215 caverat
1164 5158 1323 5230 appetitum.
1342 5154 1397 5210 iliis
1415 5152 1512 5224 quibus
1526 5148 1686 5221 displicebat
1699 5146 1831 5220 superbus

182 5251 281 5307 Milli
300 5246 457 5318 Fifldessliiss
479 5246 635 5317 elidendum
654 5250 719 5299 ⁹⁰¹³
734 5243 981 5315 '⁸¹⁰05015111'10V0·
1035 5251 1160 5318 ambitor,
1175 5250 1264 5322 piacet
1276 5250 1327 5304 iste
1340 5245 1482 5302 laudabilis
1495 5239 1830 5300 excusatorcousautirur

183 5341 264 5399 uleus
276 5339 350 5411 fuga,
356 5338 467 5397 latebris
480 5338 588 5396 incertis
598 5334 782 5400 absconditur,
791 5349 842 5390 nec
850 5335 983 5405 quesitus
1035 5340 1069 5398 ab
1083 5341 1207 5398 omuibus
1220 5341 1306 5411 ipsum
1319 5337 1369 5393 sibi
1384 5351 1444 5393 esse
1457 5342 1603 5401 serratum,
1623 5339 1768 5405 propterea
1779 5330 1830 5386 mi.

182 5435 321 5490 ullatenus
332 5433 477 5490 iuvenitur.
493 5431 573 5489 Plebs
587 5431 670 5503 ipsios
685 5429 739 5485 ioci
759 5427 804 5485 nbi
819 5426 908 5484 fuerat
920 5443 981 5484 mo·
1035 5433 1107 5488 nime
1114 5433 1195 5489 tantis
1201 5430 1323 5504 plebibus
1329 5427 1509 5485 ambientibus
1516 5427 1678 5483 ordinatum.
1686 5420 1829 5479 timciente

181 5527 333 5584 murium
343 5529 527 5596 consumtum,
541 5524 648 5582 differre
661 5538 738 5589 snam
750 5537 862 5594 prorsus
871 5520 981 5579 eiectio·
1035 5527 1115 5597 igitur
1127 5527 1209 5583 beatu
1222 5524 1374 5595 fulgentio,
1389 5522 1483 5578 Victor
1492 5522 1595 5592 primas
1607 5518 1635 5574 iu
1648 5516 1745 5575 itincre
1756 5514 1828 5588 peti·

230 5664 250 5703 u
276 5645 340 5703 ibn.
353 5644 381 5703 in
393 5656 478 5710 marg.
508 5635 735 5696 flammantius
748 5644 840 5692 notam
854 5633 943 5691 cuitu.
1081 5639 1110 5708 di
1124 5636 1222 5704 eutii,
1239 5635 1345 5693 honour
1363 5634 1490 5691 sumendi

232 5714 247 5772 i
271 5716 346 5783 lint,
357 5710 466 5798 Brutum
475 5683 641 5783 diripentium
650 5709 764 5799 primm
775 5707 943 5762 secernens.
956 5776 963 5789 .
1082 5708 1108 5853 3
1122 5708 1197 5793 Ant,
1213 5710 1373 5793 uehementer
1386 5704 1508 5777 ungetur.

233 5786 350 5872 cibus,
365 5788 393 5841 in
407 5786 481 5841 locis.
496 5780 546 5840 its.
563 5796 624 5837 cum
638 5778 726 5836 bbriti.
741 5787 817 5835 caret
830 5777 881 5834 bac
893 5783 980 5849 partr-
1001 5870 1004 5875 ,
1122 5779 1168 5836 Sic
1180 5795 1232 5836 ms.
1244 5779 1350 5844 Cutem,
1367 5776 1433 5832 ism
1445 5780 1559 5830 recente.

181 5874 300 5915 cutam
