4152 6344
1399 296 1487 313 '‘⁸³0⁰-

205 349 257 408 885
480 412 484 421 ⁴
929 346 1112 413 seuuuxv.
1410 365 1414 377 ·
1778 350 1830 408 asc

205 467 344 526 trtmmotlu
365 469 536 539 exposcimus
557 486 673 551 precem.
703 469 736 524 Et
758 486 844 540 puer:
869 473 990 532 bituriae,
1008 481 1029 534 ,t
1045 473 1144 540 parmi.
1172 471 1265 525 llivisit
1278 485 1341 525 euru
1361 470 1440 526 lesus
1460 470 1533 525 Nave
1546 462 1637 541 (fame
1650 485 1692 527 ιιι.
1709 462 1753 536 tt)
1768 479 1829 523 cunt

205 539 301 609 inquit,
315 540 408 607 utiquc
420 555 474 595 uon
487 549 528 595 est
541 556 566 596 et
579 540 660 607 lilius,
675 549 702 594 et
713 541 754 595 vir
767 540 826 610 ejus
837 541 892 610 iarn
908 558 990 596 senes
1045 541 1198 595 testamenti
1225 555 1287 595 arca
1309 540 1442 608 fulgerem
1463 539 1554 594 divisit
1575 554 1636 593 curu
1665 537 1738 592 Elias
1766 537 1828 592 duru

204 617 257 665 est.
273 607 307 660 Et
321 609 452 678 propheta
466 627 473 663 :
489 610 531 665 ud
540 611 612 665 huuc
623 609 694 664 dieut
707 611 809 666 videbis
823 620 849 666 te
863 620 991 678 eorrcepto
1042 609 1121 680 pellis
1135 610 1245 680 caprina
1259 618 1382 665 terreret.
1406 609 1500 664 llivisit
1519 623 1581 663 cum
1593 607 1672 662 lesus
1693 607 1765 661 Nave
1779 623 1828 662 an-

205 677 269 733 utto.
281 675 328 731 llla
338 677 471 734 desiderio
480 681 569 752 plena,
578 680 700 734 sensibus
712 680 860 734 verecunda
872 680 990 751 expavit,
1042 679 1102 748 gelo
1116 686 1205 734 stante
1218 694 1278 734 oum
1300 679 1389 748 gladio
1401 696 1408 735 :
1420 680 1511 735 divisit
1532 692 1594 732 eum
1606 676 1677 732 Elias
1692 676 1718 748 (l
1726 676 1746 730 l'
1763 676 1828 748 fleg.

203 747 300 817 gaudio
317 749 490 810 corrtremuit,
510 747 626 804 fructum
640 763 704 802 voro
718 752 845 820 suscepit.
868 749 992 818 Nascitur
1042 764 1074 811 ιι,
1107 748 1152 814 8),
1170 759 1330 803 occurrente
1357 749 1408 804 sihi
1432 764 1511 804 curru
1537 748 1617 815 igneo
1645 764 1706 802 curu
1729 760 1828 814 magno

203 820 229 873 ei
240 815 320 880 illius,
346 818 422 871 tarde
434 825 582 887 conceptus
598 827 641 872 est
652 819 707 873 cito
719 820 878 873 moriturus.
893 818 990 875 AEstivi
1043 819 1187 887 triumphu.
1212 818 1345 872 Transivit
1365 835 1413 888 por
1432 832 1539 883 anquam,
1565 818 1687 887 pervenit
1704 816 1739 870 ad
1755 815 1830 870 dunr-

201 887 275 941 eoivn
287 886 353 941 solis
365 886 462 941 artiore
484 886 610 942 decoctus
624 901 706 958 super
718 901 805 956 qervua
833 889 927 942 trratris
946 905 991 943 su·
1042 902 1123 941 maru.
1139 886 1192 941 Sed
1205 902 1255 943 nec
1266 902 1335 956 aqtra
1349 888 1497 951 mundavit,
1514 902 1564 942 uec
1577 886 1646 955 ignis
1659 887 1754 941 inussit
1766 903 1773 951 ;
1787 902 1830 940 rc·

125 1013 132 1021 ,
202 956 308 1027 spirans
330 955 461 1010 oculosin
479 965 565 1012 morte
584 956 723 1011 conclusit.
746 956 780 1010 Et
798 956 841 1011 illa
857 968 992 1011 mortuum
1042 957 1123 1011 cessit
1137 956 1217 1017 nuda,
1233 955 1477 1024 portavitllamtua.
1500 956 1537 1011 lbi
1553 956 1772 1026 baptisrnnseum
1790 956 1829 1008 vi-

203 1040 282 1080 suum
297 1025 367 1079 leeto
380 1025 497 1080 hominis
512 1025 561 1081 Ilei
574 1026 707 1093 patienter
719 1025 855 1095 imposuit,
873 1035 901 1081 ιι
915 1035 992 1094 rogat
1041 1026 1125 1080 ctoriu
1139 1044 1145 1077 :
1160 1026 1203 1081 hic
1214 1026 1363 1095 triumphus
1376 1027 1467 1093 igneus
1482 1042 1542 1081 cnm
1556 1040 1667 1081 curcua.
1681 1024 1714 1079 Ut
1727 1024 1828 1078 diceret

202 1094 329 1149 maritum
344 1102 373 1147 ut
387 1095 419 1147 ad
434 1093 571 1150 bominem
588 1093 635 1149 [lei
650 1096 730 1150 citius
744 1094 893 1161 festinaret,
909 1103 938 1150 et
949 1110 992 1151 oc·
1042 1095 1113 1149 inter
1128 1104 1226 1150 ventos
1239 1104 1267 1149 et
1279 1096 1379 1150 aethera
1394 1096 1542 1151 decantaus
1558 1111 1566 1149 ι
1593 1093 1769 1148 Transirirnor
1783 1111 1829 1162 per

202 1164 240 1218 lat
250 1163 449 1227 necessitatem,
465 1179 500 1219 uu
514 1164 549 1219 de
560 1180 612 1219 uua
635 1179 683 1234 spe
705 1164 806 1220 faceret
818 1164 991 1233 desperatum
1041 1165 1126 1234 ipvtern
1138 1173 1162 1217 et
1175 1181 1191 1218 o
1216 1181 1278 1230 tom,
1293 1174 1319 1217 ιι
1333 1165 1459 1219 induxisti
1470 1182 1517 1220 nos
1531 1166 1558 1218 iu
1569 1164 1729 1234 refriqerituu
1741 1161 1828 1231 (f'tttl.

201 1232 333 1288 dolorem
355 1232 432 1298 Nori,
448 1234 544 1316 inquit,
587 1242 660 1288 atres
673 1242 788 1288 mortem
803 1234 918 1289 illiorum
931 1247 993 1301 qm·
1042 1249 1104 1293 ιιι,
1118 1233 1171 1301 ld).
1193 1181 1261 1300 ssnia
1275 1243 1337 1302 post
1350 1250 1447 1303 aquam
1460 1242 1488 1289 et
1501 1235 1589 1303 iguem
1603 1241 1726 1301 portatur
1740 1241 1781 1285 est
1795 1233 1829 1285 ad

201 1303 261 1357 vius
274 1300 430 1363 condolere,
446 1311 475 1358 et
487 1312 543 1358 tute
578 1318 622 1356 um
634 1302 721 1358 dolori
735 1303 833 1358 autoris
847 1303 924 1358 labiis
938 1303 993 1358 llo·
1041 1303 1206 1372 paradisum.
1230 1303 1312 1357 Stetit
1329 1304 1362 1357 ad
1386 1319 1461 1359 oram
1473 1303 1599 1358 iordanis
1611 1317 1672 1357 cum
1695 1301 1828 1370 discipulo

201 1372 302 1425 minum
322 1370 520 1442 blasphemare.
545 1371 639 1427 llelius
663 1372 778 1436 tacebo,
807 1381 837 1427 ct
859 1373 986 1427 maritum
1041 1372 1160 1426 caritatis
1178 1372 1251 1427 Elias
1266 1381 1293 1427 ot
1321 1372 1446 1436 Eliscus,
1468 1374 1595 1440 magister
1612 1379 1640 1426 et
1667 1371 1826 1440 discipulus,

201 1454 293 1495 meum
306 1440 333 1494 in
348 1448 489 1511 peceatum
501 1442 614 1497 tristitiae
627 1457 684 1496 uon
693 1442 855 1509 pmvocabo,
868 1442 992 1496 oeamit·
1041 1439 1170 1497 Dominus
1180 1442 1302 1497 Christus
1315 1450 1342 1497 et
1355 1442 1470 1512 populus
1488 1442 1643 1511 acquisitus.
1661 1438 1730 1506 Quia
1745 1451 1828 1495 traus-

202 1518 263 1564 tens
275 1507 357 1564 lilium
370 1510 483 1578 perdere
493 1511 619 1581 incipiam
632 1519 660 1566 et
673 1511 809 1565 turritum.
821 1510 888 1565 Cum
906 1510 991 1567 silen-
1041 1520 1122 1566 eunte
1136 1510 1243 1566 Christo
1256 1526 1305 1581 per
1316 1511 1439 1567 fordonus
1453 1512 1568 1576 alveum,
1587 1509 1669 1578 cmpit
1682 1510 1768 1564 omnis
1783 1525 1828 1579 po·

184 1579 241 1647 ⁸tio
254 1578 395 1703 dzppauit,
419 1579 558 1660 superiora
577 1581 744 1645 conscendit,
768 1579 829 1636 vale
853 1579 908 1635 lilio
930 1594 990 1636 cum
1041 1578 1119 1648 polus
1128 1581 1338 1649 competentium
1351 1581 1465 1637 transire
1475 1581 1570 1636 liumus
1580 1594 1718 1648 aquarum.
1730 1579 1837 1645 lisceto,

203 1644 276 1715 facry
339 1644 509 1704 fouit-Filius
521 1664 598 1705 meus
611 1649 717 1718 tardus,
728 1657 756 1704 et
769 1649 994 1716 luctuosus,aute
1042 1648 1082 1704 dit
1096 1650 1222 1704 {lominus
1231 1650 1266 1705 de
1278 1649 1404 1717 iordane,
1420 1658 1447 1706 et
1458 1664 1580 1719 egressus
1594 1656 1636 1704 est
1648 1649 1753 1717 igneam
1768 1656 1827 1702 ten-

203 1725 231 1772 te
243 1717 324 1772 didici
337 1717 464 1787 plangere
477 1733 558 1788 quam
570 1719 683 1774 ootrire.
698 1716 736 1773 [la
750 1718 865 1784 veohm,
880 1720 919 1776 sio
932 1734 993 1787 per·
1042 1720 1183 1786 tationem,
1198 1717 1351 1774 bartimenm
1365 1720 1391 1775 in
1404 1720 1514 1776 deserto
1527 1726 1675 1782 certarnen,
1692 1725 1721 1772 ut
1733 1718 1825 1773 desua

203 1801 251 1856 qo,
278 1794 308 1841 ut
331 1787 385 1842 cito
404 1786 439 1841 ad
462 1796 488 1843 te
509 1788 627 1843 veniam.
643 1788 755 1844 Dimitte
769 1797 797 1843 te
809 1789 907 1855 solnm,
921 1789 990 1844 itura
1041 1788 1165 1844 viuceote
1180 1789 1291 1844 victoria
1306 1797 1391 1844 totum
1411 1789 1537 1843 tuendum
1560 1796 1708 1843 amoeuarct
1729 1790 1826 1842 ardeu-

202 1856 273 1920 sola,
284 1855 332 1911 sed
347 1872 406 1912 mro
415 1856 473 1912 sola
486 1857 520 1912 ad
535 1865 562 1912 ιι
575 1872 726 1923 reversura,
735 1872 785 1913 occ
799 1865 825 1913 te
834 1858 921 1913 solutu
932 1859 990 1913 siue
1007 1833 1028 1891 Β
1043 1865 1107 1921 tem,
1122 1865 1150 1912 et
1164 1858 1335 1925 refrigeraret
1354 1859 1496 1939 triumphis
1513 1858 1691 1913 tentationum
1707 1857 1823 1911 viridan-

202 1922 346 1981 bomiuor
400 1934 481 1981 rtura.
497 1927 718 1982 Citoveuiouoo
735 1927 990 1991 tardaho‚miscra·
1041 1926 1112 1981 tibus
1125 1936 1292 1981 aestuantem.
1306 1926 1429 1983 Occurrit
1439 1929 1475 1983 tlli
1490 1927 1618 1996 quadriga
1631 1927 1719 1993 ignea,
1735 1933 1763 1981 ct
1776 1942 1823 1980 nu·
1860 1930 1874 1944 ·

203 1994 355 2057 uttomtort
376 1995 427 2048 'arn
442 1993 545 2052 factura
557 1996 657 2066 hospiti
670 2010 741 2051 meo.
760 1994 858 2066 thuid
873 1997 920 2051 tibi
947 1997 992 2052 lo·
1041 1994 1136 2059 hiteta,
1149 1996 1211 2050 dum
1225 2010 1319 2051 currus
1332 1996 1378 2050 liei
1389 1998 1554 2052 descendunt
1563 1997 1708 2051 tumetium
1718 1996 1826 2063 angelo·

201 2080 263 2120 eum
277 2065 431 2135 sepulture,
446 2065 568 2122 nucleos
581 2066 644 2135 quid
659 2065 763 2137 placcat
778 2064 890 2120 Domitio
907 2068 990 2121 tneo?
1040 2079 1109 2129 rum,
1122 2072 1149 2117 ct
1159 2065 1441 2121 ministrautviocento
1452 2066 1565 2121 baurim
1575 2079 1631 2134 post
1646 2065 1824 2134 triumphum:

202 2133 345 2189 lodicum
360 2143 407 2189 est
424 2149 523 2207 eorpus
541 2141 626 2198 tuum,
650 2136 673 2189 si
696 2150 749 2189 nou
765 2133 846 2203 luerit
867 2134 987 2198 effectus,
1041 2133 1111 2189 sicut
1125 2133 1265 2190 blattbreus
1279 2135 1441 2202 evangelista
1451 2142 1618 2189 contestatur
1644 2132 1707 2204 (Iup.
1720 2150 1756 2199 tv,
1768 2134 1823 2202 tt).

201 2211 342 2259 momento
365 2202 420 2258 tibi*
438 2202 582 2284 sepulturae
603 2203 741 2274 parabitur
762 2203 846 2259 locus.
867 2202 990 2270 Quantus
1040 2201 1197 2271 Sequuntur
1209 2203 1349 2259 Dominum
1364 2211 1557 2273 competentes,
1573 2218 1621 2273 per
1648 2204 1755 2258 turrianis
1768 2218 1826 2259 tue·

202 2271 280 2328 labor
297 2273 324 2328 in
341 2274 418 2327 fovea
433 2272 478 2328 ubt
492 2281 648 2342 parva-suut
663 2272 805 2327 membra?
820 2271 877 2341 Ego
898 2282 989 2329 ιιιιιιιι
1039 2270 1112 2326 diurn
1126 2280 1305 2328 transeuntes.
1325 2273 1359 2327 Et
1373 2273 1470 2329 dicitur
1488 2273 1528 2328 eis
1551 2273 1578 2328 io
1600 2273 1656 2342 ripa
1668 2282 1827 2333 occumeute

204 2357 260 2397 noo
275 2342 418 2411 preteribo
438 2342 571 2410 hospitem
587 2356 685 2407 meum,
702 2357 735 2396 ue
749 2341 815 2396 inibi
829 2342 943 2414 imputet
956 2342 990 2398 de
1039 2338 1156 2407 flamma,
1171 2341 1198 2395 id
1213 2351 1255 2396 est
1267 2342 1343 2409 ignea
1358 2357 1460 2412 progna,
1481 2354 1510 2396 ut
1525 2342 1649 2397 florescat
1661 2343 1695 2396 de
1709 2337 1842 2403 baroniis,

207 2411 392 2482 taciturnitate
437 2420 553 2467 coetum.
578 2410 657 2481 Vadit
671 2412 712 2466 via
727 2411 848 2466 luctuosa
862 2427 923 2466 cum
937 2413 989 2466 vrri·
1040 2424 1145 2466 amoena
1158 2426 1268 2465 sororia.
1280 2411 1345 2477 l'ttt,
1370 2412 1465 2480 inquit,
1489 2412 1613 2467 accedeus
1632 2411 1667 2463 ιιι
1680 2413 1840 2465 servitutem·

204 2481 349 2536 eoncordia
361 2497 391 2535 ro
411 2481 489 2535 'tura
505 2480 587 2535 Velox
603 2489 645 2535 est
658 2495 762 2548 cursus,
776 2494 857 2549 quem
870 2481 988 2536 eoncitat
1039 2477 1098 2543 Dei,
1109 2489 1151 2533 stu
1162 2482 1190 2532 iu
1197 2481 1301 2551 justitio
1313 2490 1338 2534 et
1349 2482 1450 2547 timore,
1462 2490 1487 2533 et
1496 2496 1615 2549 prepara
1627 2480 1740 2533 uuiomm
1755 2487 1824 2534 tuom

204 2550 311 2606 luctus:
327 2550 406 2606 velox
429 2550 482 2605 erit
494 2550 546 2615 via,
571 2559 600 2603 ut
613 2550 691 2605 volox
705 2549 739 2605 sit
752 2559 780 2604 et
793 2549 933 2604 medicina.
955 2550 989 2603 dt
1039 2549 1074 2601 ort
1088 2551 1253 2603 tentationem
1267 2548 1360 2620 (Ereti.
1374 2566 1402 2613 ιι,
1416 2552 1451 2619 l).
1471 2549 1524 2604 Sed
1539 2549 1679 2604 redeamus
1694 2550 1728 2603 ad
1740 2547 1842 2619 liliam,

203 2619 250 2676 ubi
265 2619 430 2691 pervenitad
445 2627 574 2682 montem,
586 2619 668 2688 coepit
680 2618 714 2674 de
728 2613 989 2689 louqelacryuiosam
1041 2618 1271 2687 triumphatorem,
1282 2627 1309 2673 et
1330 2618 1450 2673 Eliseum
1460 2619 1626 2674 carissimum
1646 2626 1823 2673 sectatorem:

203 2699 358 2747 monstrare
377 2688 489 2753 faciem,
515 2697 542 2743 et
567 2697 716 2743 maternum
740 2690 833 2743 testari
856 2688 988 2744 dolorem.
1040 2685 1112 2741 illum
1125 2695 1291 2751 testatorem,
1308 2689 1386 2744 istum
1401 2688 1543 2743 heredem.
1561 2686 1759 2745 Testamentum
1774 2690 1824 2745 isto

204 2757 262 2813 Nun
284 2758 328 2813 uid
340 2772 392 2826 eqo
402 2759 484 2828 petivi
504 2758 597 2822 lilium,
622 2757 756 2814 Domine?
771 2756 895 2825 Nuuqttid
916 2773 931 2812 a
947 2774 989 2814 me
1039 2757 1169 2825 postulat,
1181 2758 1224 2812 ille
1237 2757 1329 2822 dictat,
1345 2758 1465 2814 calamus
1479 2757 1527 2812 fuit
1540 2757 1640 2828 linqua,
1656 2773 1709 2812 uou
1720 2772 1822 2813 canoa:

203 2828 251 2883 tibi
264 2774 336 2882 fucta
350 2837 391 2882 est
407 2829 557 2896 importuna
571 2827 727 2896 suggestio?
742 2827 798 2881 Tua
809 2827 859 2882 fuit
873 2816 989 2897 propris·
1018 2861 1020 2865 <
1039 2827 1267 2893 atramentarium,
1294 2843 1348 2882 nou
1374 2825 1485 2895 nigredo
1504 2826 1581 2892 lumi,
1604 2826 1651 2882 sed
1664 2828 1765 2882 eandm
1777 2827 1823 2883 ba·

204 2898 257 2964 sio,
278 2905 322 2952 tua
338 2913 386 2966 per
401 2898 486 2952 licum
500 2896 637 2969 perfectio,
654 2906 700 2951 tna
713 2897 748 2951 sit
761 2905 789 2951 et
805 2898 918 2952 curatio.
942 2896 988 2952 fe·
1039 2896 1140 3018 ptismi.
1169 2895 1238 2962 Quid
1260 2897 1325 2953 dicit
1352 2897 1480 2965 magister
1502 2904 1615 2951 testator
1638 2896 1839 2963 voluntariusl,

202 2967 283 3090 ὶιιιιιιι
306 2966 392 3021 fuerat
412 2976 503 3022 uterus
525 2982 610 3032 meus,
630 2967 740 3036 jeiuuus
764 2974 822 3022 erat
845 2974 872 3022 et
891 2966 987 3022 luctus.
1062 2975 1193 3021 etcamc
1206 2965 1306 3037 aliquid
1320 2969 1474 3037 priusquam
1487 2967 1643 3022 absumara
1659 2977 1684 3022 tc
1713 2966 1822 3023 Etille:

226 3052 256 3090 er
280 3046 307 3090 te
320 3035 400 3090 diditi
422 3036 560 3109 plangere,
585 3051 632 3105 per
653 3046 680 3091 te
703 3050 808 3091 merear
820 3044 848 3092 et
861 3036 988 3105 gatvdcre.
1039 3036 1155 3105 Spiritus
1166 3037 1211 3106 qui
1232 3037 1258 3090 iu
1271 3045 1297 3092 te
1312 3046 1363 3097 est,
1379 3038 1511 3107 dupiicior
1525 3039 1570 3091 liat
1585 3038 1611 3092 iu
1627 3052 1679 3092 mc.
1697 3036 1732 3090 Et
1745 3039 1823 3106 magi-

202 3104 253 3161 llie
267 3106 398 3176 propbeta
421 3105 590 3176 precedente
610 3114 696 3160 matre
711 3105 831 3171 festinat,
844 3121 989 3178 secumque
1040 3112 1096 3161 ster
1109 3122 1115 3158 :
1130 3106 1229 3161 Durum
1241 3107 1364 3177 estquod
1379 3106 1478 3174 petisti,
1490 3107 1538 3162 sed
1563 3108 1632 3161 iuter
1656 3121 1740 3175 aquas
1753 3106 1824 3177 quod

202 3177 325 3235 miratur,
349 3184 377 3229 et
389 3182 495 3230 tractat.
520 3174 608 3241 Quare
620 3174 761 3230 abscondit
774 3192 790 3230 a
803 3190 846 3229 rue
861 3176 989 3231 bortrinus
1003 3195 1025 3256 C
1041 3175 1140 3246 petitur
1154 3191 1207 3231 nou
1222 3184 1336 3245 negatur
1348 3175 1375 3246 (l
1383 3176 1402 3231 l'
1418 3175 1483 3250 lleq.
1499 3192 1526 3241 ιι,
1542 3175 1582 3246 tt).
1605 3174 1673 3242 Quid
1684 3191 1738 3230 uon
1752 3178 1824 3233 ucci-

202 3244 296 3300 beust
309 3244 405 3299 Ouinia
418 3244 483 3298 mibi
497 3246 598 3299 revelat
612 3244 726 3314 Spiritus
740 3254 847 3300 sanictos
857 3244 892 3300 tle
902 3246 986 3301 curlo:
1040 3245 1125 3314 piuot,
1140 3260 1201 3300 cum
1213 3256 1353 3302 transeunt
1364 3261 1413 3316 per
1425 3245 1512 3301 forrtes
1523 3261 1664 3331 aquarum,
1676 3256 1704 3300 ιιι
1714 3261 1824 3315 regnum

202 3323 232 3370 et
250 3315 333 3370 tacuit
350 3330 366 3367 a
386 3329 429 3369 me
443 3315 476 3369 dc
493 3330 575 3384 parvo
595 3314 700 3386 hospite
714 3315 798 3371 meo?
816 3313 931 3372 Puerum
945 3315 985 3370 di·
1039 3316 1143 3384 possint
1160 3317 1259 3370 intrare
1276 3316 1428 3371 emiorum?
1447 3315 1516 3383 Ergo
1537 3315 1608 3371 blias
1627 3316 1689 3383 quid
1711 3332 1823 3385 respou-

202 3384 267 3453 riqb
288 3398 490 3465 precursorem,
514 3384 561 3465 qni
584 3395 719 3438 mortuum
743 3384 840 3438 baculo
855 3392 986 3451 tatrgerct,
1038 3383 1078 3438 dit
1090 3399 1171 3440 avaro
1185 3385 1325 3455 discipulo,
1340 3386 1398 3440 siue
1412 3385 1529 3438 avaritie
1541 3384 1626 3439 vitio?
1640 3386 1743 3438 Avarus
1753 3387 1823 3440 enirn

200 3461 231 3509 et
242 3454 361 3508 vixisset.
376 3452 410 3506 Et
422 3453 487 3507 illa:
504 3452 573 3509 Vivit
584 3453 711 3508 [lotuinus
721 3463 748 3508 et
760 3453 823 3507 vivit
832 3454 920 3507 aniona
932 3464 985 3517 tua,
1038 3452 1066 3506 lu
1081 3466 1164 3520 reguo
1186 3453 1232 3509 [lei
1248 3470 1301 3508 uuo
1326 3470 1355 3507 re
1375 3454 1540 3518 rcltuuditnr,
1565 3453 1612 3506 sed
1637 3452 1768 3507 laudatur.
1795 3456 1823 3509 Si

198 3523 225 3581 si
239 3521 409 3591 dereliquero
425 3534 461 3577 ιι.
488 3522 528 3577 Tu
546 3522 632 3578 redde
650 3523 721 3590 quod
742 3522 857 3577 dedisti:
881 3523 943 3591 quia
959 3533 988 3578 ut
1038 3536 1092 3585 mc,
1108 3523 1203 3590 inquit,
1218 3523 1317 3578 videris
1339 3538 1354 3578 a
1388 3523 1441 3581 omi
1456 3538 1470 3577 a
1487 3532 1522 3585 tc,
1544 3520 1590 3576 llet
1604 3522 1660 3576 tilii.
1686 3519 1731 3576 llle
1744 3524 1822 3592 pulli·

200 3592 337 3655 haberem,
353 3607 405 3647 noo
420 3607 468 3663 per
481 3590 639 3663 discipulum
654 3591 810 3662 promisisti.
822 3591 851 3645 lu
867 3592 988 3647 testimo·
1039 3598 1124 3655 cetur,
1147 3594 1198 3647 istc
1210 3600 1339 3647 sectatur.
1365 3592 1489 3659 lfaqister
1503 3592 1600 3645 uudarn
1622 3587 1746 3647 iordanis
1760 3608 1822 3661 per·

200 3662 274 3717 nium
289 3662 377 3716 babeo
388 3661 485 3717 lectum
497 3670 581 3722 tuum.
596 3661 641 3715 ubi
656 3663 731 3732 posui
741 3669 875 3715 mortuum
888 3676 986 3728 meum,
1037 3660 1105 3714 eutit
1126 3662 1205 3729 pcllc.
1226 3662 1374 3732 discipulus
1398 3664 1485 3715 vivam
1510 3660 1630 3729 trtaqistri
1653 3676 1706 3715 nou
1721 3660 1821 3718 deserit

199 3730 988 3800 sicuntempscrisdoloremmeumlenimecum,antsus·
1036 3730 1186 3785 caritatem.
1210 3730 1396 3786 lodumcutum
1420 3731 1558 3800 prophetas
1580 3729 1626 3795 qui
1650 3739 1773 3799 portatur
1793 3733 1820 3787 iu

198 3801 252 3857 cita
266 3809 413 3869 mortuum,
434 3808 482 3855 aut
499 3799 659 3856 corttutcnda
680 3810 753 3856 certe
774 3800 987 3856 detunctorum
1036 3797 1161 3866 iqueuon
1176 3801 1264 3855 scrico
1277 3816 1338 3855 orror
1365 3801 1446 3862 tinea,
1468 3799 1516 3854 scd
1535 3799 1612 3870 pellis
1631 3808 1736 3855 triortuu
1760 3816 1820 3855 cunr

199 3870 245 3927 ubi
260 3870 390 3941 propbeur
404 3870 438 3925 de
451 3869 634 3940 superioribus
648 3870 681 3925 ad
691 3870 829 3939 superiora
849 3870 987 3925 descendit
1037 3870 1090 3922 rita
1105 3884 1183 3923 nova.
1200 3869 1299 3924 Pellem
1313 3870 1383 3925 euim
1398 3870 1531 3940 portabat,
1554 3870 1616 3939 quia
1631 3870 1750 3925 merrrlrra
1771 3888 1818 3926 stra

201 3938 339 3995 demente
360 3939 393 3993 ad
413 3936 541 4004 domum„
555 3939 587 3994 dc
602 3955 692 3994 cremo
707 3940 740 3994 ud
752 3938 898 4003 silentium,
914 3941 988 4008 iirge-
1034 3947 1225 4010 superterram
1240 3937 1427 3995 mortificabat.
1442 3938 1521 3994 Pullis
1534 3939 1607 4007 capri
1618 3939 1725 4005 mortui,
1741 3957 1819 4010 quem

198 4010 266 4064 muit
278 4009 311 4063 ad
326 4008 479 4074 Dominum,
492 4010 536 4077 qui
551 4004 685 4065 estludex
696 4010 815 4063 vivorum
826 4018 854 4063 et
864 4017 986 4065 mortuo·
1035 4006 1155 4062 Christus
1187 4008 1307 4076 artabat,
1338 4009 1364 4063 ui
1387 4010 1459 4064 veuit
1479 4010 1507 4063 iu
1527 4009 1820 4065 similitudiueurcoruis

197 4094 268 4134 ruiti.
284 4079 406 4142 Duutino,
423 4076 641 4148 inquit,iuteudu
655 4080 681 4133 in
695 4088 789 4143 me,et
803 4079 828 4132 in
843 4078 922 4134 istaut
937 4080 987 4134 bu-
1034 4079 1133 4147 peremi
1147 4024 1239 4147 (Rom.
1250 4024 1362 4147 varj).
1388 4076 1580 4135 Pertranseunt
1603 4079 1702 4148 petitor
1715 4087 1740 4133 ιι
1756 4096 1819 4148 pru-

198 4164 220 4215 s,
232 4149 294 4203 item
309 4163 416 4203 meatu:
432 4164 485 4202 noo
496 4162 609 4204 accuser
620 4147 646 4202 iu
657 4147 840 4203 misericordia
854 4158 898 4202 tua
914 4157 985 4204 uttn
1035 4147 1142 4209 missor,
1158 4148 1264 4203 oblator
1277 4157 1305 4203 ct
1340 4156 1507 4221 nesumptor.
1529 4147 1627 4203 Refnsa
1642 4155 1683 4202 est
1698 4148 1777 4213 ιιιιιιι,
1792 4159 1820 4205 ιι

196 4216 313 4273 lautioris
327 4218 353 4271 iu
372 4217 504 4273 medicina
527 4225 581 4271 tua.
607 4218 738 4273 Ascendit
750 4219 775 4271 iu
791 4218 888 4273 lectum
901 4232 985 4287 aitqu-
1034 4218 1158 4286 apparuit
1172 4217 1250 4273 obvia
1263 4163 1392 4289 qualum
1407 4234 1468 4274 cum
1481 4217 1598 4274 [lamnia.
1614 4216 1748 4274 Turbatur
1762 4235 1818 4287 aer,

195 4294 267 4343 statu
280 4287 409 4356 qualitate
422 4287 615 4343 membrorum.
636 4285 780 4342 insufflavit
794 4287 894 4357 septies
904 4288 930 4341 in
943 4288 985 4356 ju·
1034 4286 1107 4340 venti
1127 4296 1282 4356 moventur,
1303 4289 1427 4360 procelle
1445 4290 1600 4358 quiescunt,
1621 4286 1756 4345 duuttnres
1776 4290 1817 4343 fu·

195 4366 313 4424 centem,
327 4365 356 4412 et
369 4356 485 4411 reddidit
499 4355 578 4411 matri
594 4358 725 4412 viventem
742 4359 761 4410 ·.
785 4356 876 4422 Qualis
893 4357 920 4411 iu
935 4360 983 4412 do-
1033 4355 1126 4478 ᾗῑιιιιι,
1135 4358 1307 4412 tenebrarum
1321 4359 1455 4430 principes
1477 4359 1675 4428 disperguntur.
1696 4358 1816 4428 Suspen·

195 4426 452 4495 nrolaetitia.?quam
465 4424 984 4481 bumilisctutitisdecucritmedicina?
1052 4426 1105 4479 itur
1126 4427 1280 4496 discipulus,
1304 4437 1332 4483 ct
1355 4428 1459 4482 levantur
1482 4429 1618 4496 magister.
1646 4426 1817 4484 Orrrirahilis

198 4494 249 4562 Qut
266 4495 321 4550 vult
340 4510 436 4550 sauure
449 4495 637 4562 laborantem„
648 4503 767 4550 assuruat
793 4494 980 4549 bumilitatem.
1033 4496 1148 4559 evectio,
1167 4496 1210 4549 uhi
1225 4496 1415 4566 nouequiCap
1435 4497 1541 4561 arloees,
1554 4495 1600 4552 sed
1611 4496 1816 4565 eqntautomes.

196 4564 236 4619 De
246 4563 362 4636 superbo
372 4565 461 4620 nullus
471 4574 512 4620 est
523 4562 632 4629 fructus,
645 4566 706 4634 quia
720 4563 850 4633 superbos
860 4549 1022 4618 hurotttatfl
1033 4562 1133 4618 Currus
1146 4565 1180 4620 de
1194 4564 1336 4631 incendio,
1345 4513 1441 4621 rouvre
1454 4565 1536 4636 liquo.
1550 4565 1720 4634 Quadrianu
1736 4566 1755 4620 ti
1769 4582 1816 4620 va·

194 4632 276 4690 beris.
301 4632 461 4690 llnmiliatus
484 4645 526 4690 est
550 4636 746 4705 propheta,.ct.
757 4631 853 4688 iufauti
866 4632 982 4688 reddidit
1033 4631 1098 4688 loris
1111 4649 1163 4688 uon
1178 4634 1340 4689 eritvestita
1354 4644 1479 4703 arqetttea
1491 4650 1587 4701 vitasse,
1603 4635 1649 4691 sed
1661 4650 1741 4690 aurea
1756 4652 1816 4693 cor·

194 4703 287 4758 vitatu.
301 4702 339 4758 fta
353 4713 381 4759 et
391 4703 514 4760 Salvator
529 4712 620 4760 uostcr
633 4702 711 4759 iesus
724 4701 980 4768 carlomannum
1034 4702 1089 4756 tina
1101 4702 1135 4758 de
1149 4700 1278 4758 llamma..
1292 4703 1376 4772 lioqo,
1392 4705 1484 4775 quales
1498 4705 1559 4773 equi
1576 4712 1653 4759 eraut
1664 4706 1676 4758 f
1689 4705 1815 4762 auitnalia

194 4772 344 4828 breviatum
365 4773 467 4830 faciens
483 4780 677 4844 superterram
692 4771 914 4837 humiliatuscst,
939 4771 987 4833 fa·¹
1034 4770 1202 4838 videbantur,
1212 4773 1270 4829 ,sed
1283 4773 1352 4842 iguis
1368 4789 1421 4829 nou
1434 4774 1613 4846 palpabatur„
1624 4773 1672 4829 llio
1696 4790 1816 4834 animnos

193 4850 255 4897 ctus
266 4841 364 4898 vermis
377 4851 405 4899 et
416 4859 469 4898 nou
481 4843 570 4908 homo,
585 4842 759 4913 opprobrium
770 4842 979 4912 hominunv‚qni
1033 4844 1156 4898 castitate
1169 4851 1227 4897 erat
1245 4844 1291 4912 qui
1305 4842 1423 4900 sedebat.
1441 4843 1516 4899 Rotae
1531 4844 1574 4899 nbi
1589 4845 1751 4899 currebant?
1765 4843 1815 4902 thi

192 4920 236 4966 est
264 4912 391 4967 [lominus
415 4912 593 4980 solaciorum,
623 4913 778 4976 resurrexit,
804 4913 924 4966 ascendit
953 4914 979 4967 in
1033 4912 1130 4980 ungula
1149 4912 1321 4982 quatiebatur
1341 4928 1480 4983 equomru.
1500 4912 1737 4984 Qttaliscampusl
1763 4915 1816 4971 hcc

192 4983 287 5048 coeios,
311 4991 339 5036 et
363 4983 450 5038 otuois
472 4982 579 5050 gavisus
600 4991 642 5037 est
662 4983 798 5038 exereitus
810 4982 977 5053 auqeloruur.
1033 4993 1060 5035 et
1079 4990 1193 5037 ventus:
1210 4982 1254 5037 ubi
1267 4981 1398 5039 volubiles
1411 4992 1477 5037 rouo
1491 4983 1611 5053 spiritali
1625 4990 1715 5040 rotatu
1731 4984 1815 5054 fulge

193 5052 289 5106 Amen.
1030 5050 1094 5105 baut
1116 5060 1197 5121 atque
1223 5053 1367 5108 sonabant.
1390 5055 1444 5107 her
1466 5053 1504 5107 illi
1522 5061 1580 5107 crat
1596 5069 1716 5122 campus.
1743 5054 1813 5123 iguis

487 5140 602 5197 sappo
621 5141 678 5195 xx,
1030 5134 1166 5203 ascensius,
1178 5123 1263 5204 patria
1274 5121 1423 5192 paradisus.
1430 5122 1483 5178 Sed
1495 5131 1623 5192 quantuni
1634 5124 1750 5178 delectat
1759 5140 1815 5179 ma·

437 5232 476 5286 ⁰0
497 5231 559 5285 rr,
578 5238 603 5285 ι
623 5230 732 5286 ιιι·
1029 5197 1313 5330 diffiditis
1326 5193 1813 5331 ttttt“pittutttittttlttif

226 5325 303 5381 Ριιιι
325 5324 448 5381 Jordants
470 5322 713 5394 personantibus,
735 5321 797 5392 «puto
840 5328 894 5375 ovet
919 5321 977 5402 toris
1030 5328 1283 5398 tiooependentern.
1300 5330 1442 5399 clamarit,
1459 5333 1593 5394 conventi,
1610 5330 1699 5397 Pater,
1719 5278 1813 5402 later,

188 5398 250 5452 vitoe
273 5394 467 5475 credentilvuu
477 5392 578 5447 Βιιιιιιιι
590 5401 635 5474 ιιι
645 5401 672 5447 ιι
685 5338 842 5447 delectabile
854 5389 978 5473 fordauts
1030 5400 1141 5470 oqitotor
1156 5398 1242 5453 feruet
1255 5398 1282 5469 (l
1290 5399 1309 5453 l'
1322 5400 1384 5472 liep.
1402 5416 1430 5465 u,
1447 5401 1500 5469 ll).
1527 5399 1559 5453 Et
1574 5400 1618 5455 ille
1629 5401 1741 5469 lactavit
1754 5403 1813 5473 pei·

189 5467 295 5521 alveum
309 5465 401 5519 videre
415 5463 689 5519 drvrsnmreccsstouc
701 5461 840 5527 undarum,
854 5471 976 5516 etsocte·
1028 5467 1091 5533 latu,
1117 5478 1145 5522 ut
1160 5470 1345 5524 consolaretur
1370 5480 1515 5525 amantem.
1538 5470 1661 5540 Suscepit
1686 5486 1813 5541 uragnum

190 5544 246 5592 lale
259 5549 413 5596 tertoribus
433 5533 540 5603 (1⁰³⁰th
555 5546 648 5601 greti&
664 5539 801 5587 museum
816 5531 976 5594 sutenttnmr
1028 5537 1182 5593 thesaurum
1207 5538 1379 5605 baereditatis,
1403 5540 1499 5610 pellem
1514 5539 1651 5595 fortissimi
1665 5544 1811 5598 testatoris.

208 5607 260 5660 uod
274 5603 463 5660 desiderabant
483 5602 555 5657 velut
569 5604 664 5656 cervus
678 5601 711 5654 ed
732 5599 848 5656 leofest
868 5616 972 5655 uarum·
1026 5606 1054 5662 lo
1076 5607 1120 5662 ilia
1145 5608 1214 5677 pelle
1227 5609 1337 5663 sortitus
1351 5618 1393 5664 est
1414 5618 1574 5680 potestatem
1590 5620 1619 5665 ut
1639 5610 1771 5668 divideret
1784 5621 1812 5669 ct

148 5703 161 5715 ·
187 5619 332 5730 familiare
345 5671 542 5728 estlsrrdoncm
559 5672 630 5741 virga
653 5669 745 5738 dividi,
769 5680 797 5728 ct
820 5617 974 5727 melotem·
1025 5676 1249 5748 ipscfordauem.
1274 5687 1378 5735 secaret
1402 5688 1561 5759 torrentem,
1584 5681 1720 5751 leprosum
1734 5696 1811 5739 otuu-

223 5808 233 5826 '
247 5802 493 5875 Rellqnaaddlmus
505 5817 540 5859 cx
552 5816 602 5856 ms.
