4152 6344
227 342 234 353 ’
278 376 330 435 aas
792 377 961 435 iuuenem
979 379 1025 433 ,te
1039 379 1069 435 s
1088 380 1272 441 ruterarn
1286 384 1407 442 orent.
1859 392 1911 451 ari

278 494 408 550 tortuosis
422 491 554 548 rectitudo
567 500 596 546 et
609 490 734 561 planitiei
755 490 913 561 imperatur.
934 492 970 546 lii·
979 493 1066 548 borni
1080 501 1106 559 Α
1121 495 1179 552 iou
1191 496 1309 553 ilerbuni
1324 502 1471 570 prece-sit.
1487 500 1700 567 interuaSeieui
1710 503 1821 573 justitia
1832 518 1912 567 aute·

278 580 341 618 nuni
356 563 437 619 eorda
449 562 509 617 ildei
524 577 613 632 pisctu
626 561 807 630 componitur,
822 570 851 617 rt
863 561 979 617 bumana
994 578 1067 619 iner-
1118 567 1209 623 cessit.
1234 567 1358 636 Gignittir
1372 585 1424 625 ior
1443 585 1476 625 cir
1499 572 1583 626 sicriii
1596 587 1682 639 wie,
1704 582 1733 629 et
1746 573 1864 635 Verbum
1875 596 1912 635 ex

278 633 367 689 tallias
381 633 541 689 deterretur.
555 629 706 686 Oeamaiis
720 630 870 695 lniiriuitas.
885 632 949 701 quid
963 632 1067 690 iactura
1119 637 1261 707 purissima
1277 641 1396 694 nascitur
1408 640 1522 709 uirgine.
1547 640 1597 697 llic
1617 641 1646 696 iii
1666 643 1751 700 arid's
1764 646 1914 705 uisceribus

277 716 307 758 es
321 705 347 757 lii
359 703 476 759 aduentu
487 701 649 757 serenissimi
662 697 777 765 iudicis,
795 717 860 757 euin
874 701 908 757 de
922 702 977 757 tuis
989 703 1067 758 laetis
1116 717 1225 762 errator
1237 709 1356 775 rigmeia
1371 720 1484 766 renouat
1501 710 1660 780 juvenilem,
1685 713 1713 769 iii
1737 706 1913 785 mentualibus

278 775 410 829 rationein
421 772 534 828 reddere
545 771 672 853 cruperis.
687 785 747 840 quire
761 786 814 854 non
828 773 869 827 ris
883 788 954 828 nune
968 775 1067 843 predi·
1117 792 1183 831 reru
1203 780 1331 833 membris
1345 777 1467 837 Christus
1488 790 1592 837 nature
1612 782 1738 839 ininiutat
1760 785 1860 856 legem.
1882 788 1911 844 in

277 846 410 900 rationem
431 842 567 912 suscipere
594 849 660 895 tanti
683 855 815 912 praeconis
828 842 969 898 clamantis
987 851 1069 911 atque
1118 844 1256 902 Elisabeth
1265 848 1383 903 libidinis
1391 849 1465 905 ealer
1474 853 1599 920 redemit,
1612 851 1638 905 lu
1650 842 1735 909 diaria
1745 869 1809 911 rere
1821 856 1913 913 lerrer

277 913 409 969 dicentis:
425 912 492 967 Ecce
498 915 556 983 jein
568 912 665 967 iecurii
677 912 712 965 ud
725 912 839 966 redicem
848 915 933 984 positu
943 921 980 966 ert
993 913 1068 968 urbo·
1119 917 1279 986 uirginitatis
1295 934 1352 973 non
1370 920 1514 986 abscessu,
1535 922 1599 990 qnia
1613 920 1729 992 Spiritus
1741 935 1850 982 sanetus
1864 929 1913 983 ad-

277 985 324 1038 ris.
341 982 374 1037 Et
384 984 467 1040 omnir
481 981 559 1036 erior
569 997 625 1054 ipre
638 999 689 1037 non
700 983 763 1053 feeit
773 982 985 1053 frueturnbeniioi
995 985 1069 1038 euci-
1116 988 1228 1044 ueniens
1240 987 1360 1043 divinum
1374 997 1428 1044 teni
1447 991 1503 1045 iuni
1517 992 1629 1060 aptarit.
1645 991 1769 1049 Nascitur
1778 1004 1844 1052 aitte
1858 997 1913 1054 iio-

277 1053 359 1118 detur,
376 1062 400 1108 et
415 1055 442 1109 in
452 1055 537 1125 iqiieni
551 1055 664 1107 nii'uetur
674 1052 750 1121 (bur.
763 1068 800 1119 ιιι,
815 1051 855 1122 9).
867 1048 950 1120 Cuius
964 1068 1067 1123 praeco-
1117 1057 1219 1112 minum
1233 1074 1339 1126 servus,
1354 1067 1417 1115 ante
1427 1005 1551 1118 iadicem
1561 1070 1680 1119 metetur
1693 1067 1823 1120 excierit.
1838 1065 1911 1122 Cen·

277 1123 319 1178 nis
333 1131 432 1192 quanta
447 1124 596 1194 stibiiiiiitas
610 1123 744 1179 noscentis
758 1124 808 1191 sit,
824 1123 851 1176 iii
866 1121 919 1178 boe
931 1125 1065 1193 apparuit.
1116 1126 1184 1182 ditio
1194 1127 1292 1183 iederis
1301 1129 1450 1198 eonjugalis
1464 1131 1490 1185 iii
1505 1129 1609 1187 ieanne
1619 1141 1747 1188 mutatur.
1760 1134 1789 1195 iii
1801 1136 1910 1195 Christo

277 1190 344 1249 lluni
357 1195 428 1249 euim
441 1203 511 1249 esset
517 1194 626 1249 sterilis
636 1200 730 1256 rnater.
746 1192 893 1248 advocatus
902 1207 951 1262 pro
965 1196 1067 1264 populo
1115 1207 1262 1252 eraeiiatur
1271 1215 1277 1251 ε
1287 1200 1352 1267 qiiia
1361 1215 1457 1254 senum
1468 1202 1602 1258 sterilium
1609 1202 1800 1272 copulaeiiiiiit
1809 1208 1912 1263 mundo

276 1262 509 1333 eloquentissimus
532 1262 621 1318 iuerat
641 1272 727 1333 pater.
752 1260 787 1323 tlt
804 1276 870 1317 rere
884 1277 944 1317 coin
968 1265 1067 1321 sterilis
1115 1264 1259 1335 ioannem,
1283 1270 1420 1338 virginalis
1434 1280 1524 1326 autern
1540 1271 1679 1340 integritas
1691 1275 1792 1330 saecule
1806 1280 1913 1346 peperit

274 1329 467 1389 fecundaretur
489 1343 585 1396 mater,
601 1343 691 1388 munis
706 1340 735 1387 et
748 1334 851 1401 absque
865 1347 932 1388 rece
951 1333 1067 1388 allicitur
1116 1336 1296 1394 salvatorem.
1309 1339 1362 1394 Sed
1374 1342 1401 1394 in
1412 1342 1543 1409 genitrice
1553 1340 1667 1398 ioannis
1677 1343 1764 1399 inlusa
1777 1346 1912 1415 dignosci·

274 1413 364 1527 pater.
379 1403 428 1472 Qui
441 1413 563 1474 tempere
577 1403 748 1472 pontificatus
763 1403 814 1460 sni.
825 1402 889 1457 ilum
904 1418 954 1484 pre
966 1405 1067 1473 popule
1118 1417 1232 1464 teresse
1245 1410 1404 1475 carnalitas,
1419 1412 1445 1465 iii
1459 1420 1545 1467 matie
1558 1427 1623 1468 rere
1636 1412 1737 1469 ‘bristi
1749 1416 1834 1471 sancii
1849 1416 1912 1486 Spi-

274 1481 346 1545 ¹ntra
359 1474 456 1530 Sancta
471 1482 624 1530 sanctorum
636 1474 749 1528 intraret
761 1480 791 1526 ut
803 1472 918 1527 iloniine
928 1489 1066 1529 incensum
1116 1480 1183 1533 ritus
1203 1487 1246 1534 est
1267 1489 1379 1548 operata
1403 1486 1540 1548 majestas.
1564 1480 1738 1538 Celebrcnnis
1751 1500 1817 1553 ergo
1836 1487 1911 1542 liene

276 1541 396 1613 oberret,
411 1561 474 1601 ecce
486 1545 576 1599 subito
589 1543 740 1598 Gabrielem
753 1542 827 1596 iliinn
843 1553 1008 1597 secretorum
1025 1546 1064 1597 la·
1115 1546 1202 1614 diem,
1224 1549 1355 1605 carissimi
1370 1550 1483 1617 iratres,
1508 1553 1535 1606 iii
1550 1561 1696 1620 augmento
1712 1553 1786 1617 iidei,
1798 1558 1856 1627 spei
1882 1566 1912 1610 et

275 1611 485 1670 miliarlssiiniim
499 1614 649 1669 diuinorum
661 1629 711 1683 per
723 1611 823 1667 uerbera
846 1614 981 1668 veientem
997 1614 1068 1669 inter
1115 1618 1248 1684 caritatis,
1261 1635 1314 1675 nori
1330 1622 1505 1689 nugacitatis,
1521 1623 1649 1690 nequitiae
1665 1626 1855 1681 eternitatis:
1874 1643 1911 1682 tie

275 1682 368 1738 altaria
380 1685 550 1756 perturbatus
560 1684 693 1754 conspicit
707 1684 887 1738 assistentem.
902 1682 986 1749 Qeein
1003 1698 1064 1739 ciiin
1115 1704 1176 1744 cuin
1190 1685 1385 1760 praecurrerent
1400 1691 1506 1747 bantini
1526 1693 1795 1763 ceunistarorimus,
1810 1697 1911 1751 iratum

275 1764 399 1809 certterei
413 1754 518 1825 placido
533 1754 623 1819 uolui,
639 1755 684 1808 tali
707 1753 774 1807 invii
791 1753 910 1823 alioquid
925 1754 1063 1822 trepidan-
1116 1759 1203 1828 ipsum
1214 1754 1335 1815 iuiiicem
1349 1776 1411 1816 culli
1425 1763 1701 1818 ueneritseniiainus.

275 1827 329 1876 iein
345 1824 503 1893 :luciaria
516 1842 548 1879 rie
562 1826 653 1879 tinient
667 1822 816 1879 :exauditur
829 1825 922 1877 etenim
933 1833 993 1877 runt
1006 1840 1064 1877 ero·

274 1893 431 1958 tioneituoe,
447 1905 471 1950 et
486 1912 552 1950 uror
565 1905 608 1948 trin
624 1893 758 1949 liiizuietii
771 1893 854 1962 periet
870 1892 915 1946 tibi
929 1894 1023 1964 filiurn,
1037 1904 1062 1948 et
1080 1866 1101 1923 Β
1417 1895 1533 1951 Sililili)
1546 1895 1602 1952 tv,

269 1963 374 2019 'roeiriri'i
388 1982 480 2020 numen
492 1967 546 2037 rjus
559 1965 697 2021 iouuneni.
725 1963 819 2017 Vinum
838 1971 863 2016 et
883 1966 992 2017 aierrurn
1011 1981 1062 2018 nen
1213 1984 1251 2039 υ,
1263 1984 1441 2041 „mustum
1451 1989 1536 2041 ,mn
1549 1987 1661 2044 mm
1674 1988 1807 2062 Rapum·

274 2031 349 2099 atter,
361 2045 387 2090 et
397 2035 496 2103 Spiritu
506 2045 596 2090 sancte
606 2034 744 2101 replebitur
753 2033 837 2087 udiiuc
848 2049 881 2088 ea
891 2042 962 2088 utere
972 2036 1063 2088 metria
1788 2098 1790 2102 .

273 2112 337 2169 mre,
352 2116 377 2159 et
395 2107 489 2160 mulier
502 2106 615 2175 filiciani
631 2104 715 2159 irrori
727 2112 854 2158 ronoeriet
874 2103 909 2157 nd
923 2102 1062 2158 Dominum
1149 2096 1316 2166 Euangeliou
1335 2098 1468 2165 lectionis,
1494 2099 1606 2165 iratres,
1629 2101 1759 2158 iiodierna
1787 2107 1909 2161 narratio

266 2169 481 2246 ‘vaurpeina
496 2175 571 2246 tine.
587 2191 605 2236 l,
625 2174 692 2228 lari
706 2174 787 2244 req),
802 2173 952 2243 etreliqua.
970 2173 1004 2227 dt
1017 2176 1061 2229 ille
1113 2177 1293 2237 opportunam
1312 2169 1484 2227 collationem
1508 2172 1631 2227 sensibus
1652 2175 1751 2228 uestris
1771 2176 1906 2231 attribuit.

268 2241 343 2299 'intra
355 2260 385 2301 se
397 2247 516 2315 cogitape
530 2247 622 2315 carpit,
637 2254 664 2298 et
679 2260 764 2311 nsque
782 2243 815 2296 aii
830 2243 920 2297 vuitus
934 2243 1062 2299 gruffugiq.
1106 2238 1269 2293 viitttiillillius
1284 2240 1355 2294 viliis
1368 2240 1492 2297 obviasse
1506 2243 1633 2308 viridius,
1648 2259 1708 2298 cliiii
1724 2243 1838 2300 iierodis
1857 2262 1910 2301 ue·

268 2325 333 2367 'neni
344 2315 653 2371 mutatosadniiraiisait
665 2330 674 2369 :
687 2313 762 2369 iirrde
774 2313 929 2367 linearium?
948 2328 994 2383 epo
1003 2330 1062 2368 ruin
1111 2309 1212 2377 quitia.
1228 2307 1389 2364 lierodhdis
1404 2310 1524 2374 luxuria.
1547 2314 1634 2367 tanen
1648 2328 1712 2367 uero
1725 2312 1837 2370 ioannis
1860 2333 1908 2373 rc·

265 2394 361 2449 'naeu
371 2395 396 2440 et
407 2401 473 2441 uror
484 2403 541 2441 nien
552 2386 675 2455 preteriit
690 2386 716 2438 iii
732 2384 819 2437 diebus
834 2384 887 2437 sitii
902 2382 1059 2455 (ibid.‚·i8).
1103 2377 1231 2433 -aeranda
1239 2379 1344 2447 justitia
1357 2380 1540 2436 demonstrata
1549 2390 1611 2436 est:
1625 2382 1651 2436 in
1665 2391 1768 2440 tanturn
1780 2393 1809 2439 ut
1819 2385 1907 2441 liben-

266 2448 307 2507 ·Et
317 2456 427 2523 angelus
443 2474 449 2509 ε
465 2453 559 2519 Crede.
577 2455 717 2522 Zacharia,
739 2453 834 2522 angeio
846 2494 853 2517 ,
866 2453 1060 2509 credeeeelesti
1107 2457 1154 2502 1111
1161 2450 1310 2514 §molliciei
1319 2460 1446 2515 melleet,
1456 2466 1491 2507 ite
1502 2451 1638 2507 riiieretnr
1647 2462 1821 2510 contmniiere
1831 2457 1907 2511 reri·

271 2524 395 2579 ministro
412 2543 418 2579 :
435 2526 608 2583 accommoda
623 2525 717 2580 „majo
732 2523 822 2590 tutem,
838 2524 860 2576 st
878 2538 933 2577 110„
948 2526 989 2577 γι,
1002 2538 1062 2593 μη».
1104 2527 1205 2573 taturi.
1228 2518 1293 2574 Vide
1306 2534 1366 2589 qua·
1382 2521 1431 2575 tria
1446 2522 1472 2575 iii
1487 2537 1567 2576 uriam
1587 2523 1763 2578 ceiireiterint
1781 2540 1906 2581 causam.

270 2590 337 2658 ,dere
358 2611 462 2651 recem.
488 2595 557 2651 Ecce
584 2596 628 2650 ulii
649 2594 784 2649 incurristi
808 2592 927 2663 perlldiac
950 2609 1058 2659 nexam,
1095 2586 1239 2644 iliiraniiie
1254 2604 1307 2652 res,
1324 2592 1346 2644 si
1358 2602 1432 2646 recte
1443 2592 1570 2657 discutias
1580 2594 1739 2661 gravitatem
1753 2596 1904 2664 propbeta,

270 2664 361 2719 statim
376 2668 501 2737 accepi-ti
517 2668 542 2721 iii
557 2667 626 2720 ostio
642 2666 737 2733 lingum
756 2673 889 2719 cateiam.
916 2662 964 2718 iiic
978 2678 1061 2733 ange·
1111 2659 1242 2715 liiuurlain
1258 2660 1431 2728 muliebrem¹
1446 2670 1474 2715 et
1490 2659 1604 2718 lieredis
1624 2663 1797 2719 saevissimam
1813 2666 1910 2721 lerita·

271 2730 338 2788 iictis
350 2742 376 2790 oi
387 2738 511 2805 gainliinn
526 2743 616 2804 portat
627 2744 655 2790 et
669 2734 804 2790 viiiciiiuni
821 2751 827 2787 :
843 2733 921 2787 iiileni
935 2735 1060 2790 obsecrat
1111 2739 1174 2783 111111.
1191 2730 1276 2784 iiiiii&
1291 2730 1355 2785 11111ιί
1369 2732 1432 2813 quill
1443 2733 1547 2787 nabotis
1567 2749 1627 2788 1.·11111
1650 2732 1753 2789 «iliande
1766 2735 1900 2805 Bilbilim·

270 2812 296 2858 et
320 2819 421 2860 recent.
442 2805 469 2861 Si
484 2806 639 2865 credideris.
660 2805 785 2874 gaudium
801 2804 948 2868 meritisti3·
963 2805 986 2859 si
1001 2821 1055 2859 iiiiii
1110 2798 1232 2855 ilerodes
1246 2807 1273 2854 et
1286 2798 1432 2867 ileredias,
1461 2816 1530 2871 qaus
1551 2803 1584 2857 ad
1605 2814 1770 2858 cinisertiuin
1789 2806 1905 2861 adduxit

262 2875 425 2941 ‘credideris
438 2876 534 2946 lingere
545 2876 680 2931 vinculum
693 2874 839 2931 incurristi.
851 2870 883 2927 Et
896 2872 1055 2930 Zacharias:
1110 2871 1247 2925 neminum
1263 2871 1403 2942 impuritas
1425 2872 1588 2928 criminum?
1611 2873 1651 2928 ila
1668 2875 1719 2930 iiec
1733 2875 1844 2938 timetis.
1868 2893 1905 2931 ne

272 2940 347 2998 Unde
359 2945 406 3000 lior
419 2947 524 3001 scium?
548 2963 595 3017 eqo
609 2947 677 3003 enirn
691 2961 747 3000 rurn
758 2959 856 3007 renea,
877 2952 902 2997 et
922 2960 988 3000 uuor
1001 2961 1059 2999 nien
1109 2940 1155 3008 qai
1169 2939 1247 2996 robis
1260 2941 1397 2996 vocabulis
1412 2943 1615 3024 conjungimini,
1630 2945 1656 2999 iii
1672 2945 1773 2999 luxuria
1785 2943 1903 3001 forsitan

261 3018 393 3084 ‘processit
412 3018 439 3071 iri
453 3016 541 3071 dirius
555 3018 619 3070 suia.
640 3015 674 3070 iit
698 3015 828 3084 angelus:
846 3014 951 3095 Ergone
970 3016 1057 3086 impo-
1107 3010 1291 3081 separemini?
1313 3009 1407 3067 Estote
1420 3013 1562 3069 certissimi
1592 3016 1665 3084 quia,
1682 3016 1752 3069 sicut
1765 3030 1821 3070 une
1834 3032 1904 3071 ceri·

260 3090 331 3138 ·tens
344 3093 385 3139 est
404 3086 475 3140 liciis
488 3086 522 3141 de
533 3086 670 3142 sterilibus
691 3084 841 3154 producere
856 3084 948 3147 libriin,
963 3086 1008 3155 qui
1023 3100 1056 3139 et
1099 3096 1188 3136 sense
1201 3080 1295 3136 caditis
1309 3082 1336 3136 in
1351 3080 1504 3147 luxuriam,
1524 3084 1560 3138 ita
1575 3100 1629 3138 uno
1644 3084 1753 3139 nemine
1766 3085 1902 3155 suscipie-

249 3150 326 3209 ‚itini
340 3157 450 3210 materia
462 3155 523 3210 iecit
539 3156 674 3210 bominem
690 3156 828 3224 primuni?
846 3152 878 3207 Et
890 3152 1032 3211 Zacharias
1048 3174 1054 3208 :
1100 3151 1144 3206 'tis
1156 3152 1327 3206 sententiam.
1354 3150 1463 3208 'iuuetis
1487 3154 1513 3207 ln
1535 3169 1673 3209 carcerem
1690 3155 1812 3224 instare,
1836 3156 1901 3224 quia

258 3220 346 3277 'iinde
361 3224 418 3288 lior,
441 3226 536 3294 inquit,
552 3226 652 3280 sciunt?
674 3224 706 3279 Et
721 3225 765 3279 ille
782 3241 787 3276 :
804 3223 861 3295 Epo
876 3239 946 3290 iuni,
961 3226 1054 3294 inquit,
1071 3221 1184 3302 euobis
1199 3221 1323 3289 legaliter
1336 3222 1475 3277 interdixit
1494 3224 1624 3279 incestum
1641 3225 1739 3293 :quasi
1754 3226 1840 3295 pessit
1855 3242 1903 3282 re·

268 3289 384 3364 Gabriel,
414 3300 439 3349 ui
450 3296 543 3351 osiisto
554 3305 614 3350 ente
626 3294 773 3358 Deniinrint,
784 3303 809 3347 et
819 3295 911 3348 ninius
922 3311 977 3348 siun
987 3296 1056 3363 loqui
1109 3291 1174 3346 ribus
1189 3290 1302 3360 alligari.
1317 3291 1350 3346 Et
1363 3293 1385 3347 si
1399 3294 1489 3349 einiiia
1502 3293 1621 3354 membra
1644 3294 1812 3350 unicolorem
1825 3296 1902 3351 ueti-

268 3362 304 3415 ud
316 3372 347 3428 tu,
362 3374 387 3418 et
396 3315 451 3422 itur
462 3367 506 3420 tilii
518 3382 580 3421 eonii
600 3367 704 3421 eliznre.
721 3364 755 3419 Ei
768 3367 887 3418 escuerii
899 3374 996 3428 rucene.
1009 3380 1056 3420 uec
1107 3360 1158 3416 biis
1187 3363 1333 3429 astringat,
1348 3361 1406 3417 sela
1421 3363 1508 3432 lingua
1525 3379 1577 3418 neri
1591 3373 1681 3434 potest
1693 3365 1839 3429 iustediri,
1855 3368 1902 3422 rui

268 3435 363 3503 poterii
375 3436 445 3511 loqui
458 3453 566 3509 utqueu
599 3437 727 3507 diemque
742 3436 797 3489 liter
811 3435 899 3489 eniniu
913 3436 992 3505 fiunt,
1008 3453 1056 3507 pro
1106 3430 1220 3486 liberum
1240 3439 1282 3487 est
1295 3433 1437 3487 veritatem
1452 3435 1486 3488 ab
1500 3434 1590 3502 impiis
1602 3434 1791 3490 coiitaminari.
1808 3435 1843 3490 At
1857 3437 1901 3491 in·

256 3511 297 3558 'ro
311 3505 379 3576 qued
390 3524 441 3561 riou
454 3508 585 3561 credidisti
595 3505 676 3561 eniti
689 3507 762 3568 nteit.
778 3521 836 3588 qiioe
846 3503 1019 3575 implebuntur
1028 3509 1055 3561 in
1126 3503 1200 3557 tries:
1212 3504 1303 3568 Quare
1313 3501 1589 3581 impeditdesiileriuin
1598 3505 1740 3561 nesuuinl
1750 3503 1795 3559 ille
1805 3515 1901 3573 potest

258 3582 381 3642 ‘tempore
392 3594 439 3632 rue
453 3577 545 3647 (ibid,
561 3576 595 3630 lii
609 3588 633 3630 er
647 3575 704 3644 ιθ).
719 3574 743 3629 ti
757 3590 823 3630 nnra
837 3575 975 3657 potestas!
998 3575 1055 3632 iion
1156 3573 1265 3627 {derium
1277 3572 1416 3642 impedire,
1437 3575 1481 3629 ciii
1497 3575 1559 3631 lieet
1569 3574 1595 3629 iii
1608 3583 1730 3644 tempere
1741 3573 1839 3643 ilagitia
1852 3591 1899 3632 re·

258 3645 352 3699 'credit
362 3645 505 3702 barbarius
519 3647 638 3702 sterilem
650 3646 727 3715 jussu
739 3645 843 3699 iiomini
858 3646 1016 3714 parituram,
1028 3656 1055 3701 rt
1106 3656 1227 3697 merere.
1238 3641 1314 3698 liuirc
1327 3657 1392 3697 rere
1405 3658 1467 3698 cem
1478 3645 1530 3699 linc
1542 3644 1588 3699 tibi
1602 3645 1743 3700 denuntiat
1752 3646 1898 3716 propbeta.

254 3712 356 3769 divine
379 3726 512 3786 praecepto
530 3716 664 3771 uinculum
683 3716 741 3783 ejus
754 3716 852 3770 meruit
866 3715 989 3785 accipere
1003 3716 1055 3770 iin-
1105 3713 1167 3780 qnia
1181 3712 1284 3767 iiomini
1297 3713 1429 3768 voluntati
1443 3713 1600 3784 displiceat,
1618 3731 1697 3769 nemo
1712 3714 1768 3770 [ere
1787 3717 1899 3785 sapiens

254 3791 355 3852 ‘guam
369 3786 482 3842 Tollitur
496 3804 511 3841 a
528 3787 617 3853 i'atre,
628 3786 715 3842 denec
728 3794 872 3854 generatur
885 3799 900 3838 a
915 3795 1009 3849 matre,
1026 3796 1056 3842 iit
1093 3782 1241 3838 erubescit
1253 3783 1357 3848 andire¹
1379 3784 1451 3853 qnod
1466 3800 1519 3840 iien
1534 3786 1648 3856 piguerit
1661 3786 1719 3840 sirie
1734 3788 1897 3841 uerecundia

267 3861 330 3910 tune
339 3858 453 3928 accipiat
463 3859 584 3924 verlnnn,
596 3857 639 3911 iiiii
648 3856 797 3926 susceperit
808 3854 1056 3926 lilium.·0bstnpuit
1093 3861 1272 3923 perpetrare.
1281 3850 1304 3907 0
1313 3853 1428 3908 bumana
1441 3854 1574 3909 dementia
1583 3853 1639 3915 liii
1653 3855 1804 3910 luxurietur
1815 3854 1899 3912 licre·

267 3923 295 3978 in
309 3926 412 3981 eithara
431 3929 552 3998 eorporis
567 3926 735 3996 pulsabulum
753 3926 844 3987 rucis,
869 3932 897 3979 et
910 3939 971 3981 cum
994 3928 1054 3981 inii·
1093 3925 1162 3988 ·des‚
1177 3922 1424 3978 nceatiirieannes.
1450 3923 1574 3993 Nunquid
1589 3926 1719 3995 propbeta
1733 3940 1784 3980 sue
1799 3934 1826 3980 te
1841 3935 1899 3982 ter·

266 4008 342 4049 uersa
357 3998 477 4052 virerent
488 3998 514 4052 iii
530 4012 646 4069 corpore
662 3995 791 4059 membra,
807 3995 863 4051 seia
876 3994 960 4059 jacuit
971 3997 997 4051 in
1010 4013 1055 4053 sn-
1105 3995 1158 4047 rnit
1177 3995 1283 4056 interito.
1299 4001 1328 4049 et
1338 4009 1391 4048 neu
1405 3993 1497 4050 diuino
1508 3995 1630 4063 jndicio?
1644 3995 1698 4051 lies
1711 4003 1755 4050 est
1764 4005 1897 4052 eritream

265 4063 358 4133 pulcro
371 4066 490 4122 dentium
502 4067 601 4135 iiiigiia.
617 4065 680 4121 Erat
696 4068 777 4133 igitur
790 4066 815 4120 iii
829 4066 951 4120 ntanibus
966 4068 1053 4136 angeli
1104 4061 1256 4129 dementire,
1271 4060 1360 4117 edisse
1380 4063 1551 4132 loquentem,
1567 4080 1617 4121 nee
1638 4075 1759 4123 inetnere
1770 4066 1897 4134 iudican-

264 4140 294 4187 et
316 4150 413 4191 narinus
435 4146 463 4191 et
486 4137 598 4205 gladius.
623 4135 769 4203 lienrgaiit
790 4134 933 4191 Zaciiaries
951 4139 1053 4192 ninneri
1091 4142 1178 4197 ·teui;
1195 4134 1273 4202 qiiasi
1288 4133 1388 4189 ideirco
1398 4136 1455 4203 jum
1469 4151 1522 4193 noe
1539 4136 1633 4191 ueiens
1643 4134 1761 4204 judicem
1776 4137 1897 4192 reticen-

264 4203 394 4269 uiiiinum,
417 4215 445 4261 et
458 4206 580 4261 exercuit
601 4205 712 4273 angelus
725 4208 750 4259 in
773 4205 862 4273 lingua
881 4205 1051 4275 supplicium.
1103 4203 1177 4269 dent,
1190 4205 1211 4258 si
1227 4218 1377 4272 praeconem
1392 4204 1477 4274 pessis
1491 4220 1589 4261 necare
1602 4205 1775 4271 clarmuntem,
1791 4205 1826 4260 de
1839 4220 1897 4276 qun

264 4270 322 4329 Neri
334 4274 456 4342 eredidit,
473 4286 500 4331 et
513 4275 594 4340 siluit,
611 4274 722 4358 augelus
735 4276 901 4344 loquebatur,
916 4286 943 4328 et
955 4274 1054 4331 Zaeba·
1104 4272 1185 4328 isaias
1201 4283 1315 4329 testatus
1333 4282 1389 4339 est,
1404 4273 1498 4329 dicens
1513 4293 1519 4329 :
1537 4274 1588 4329 iiic
1599 4285 1637 4331 eit
1651 4292 1700 4331 rou
1714 4277 1855 4330 elementia
1869 4279 1897 4332 iii

249 4342 359 4401 'riasin
376 4348 508 4402 sermonis
529 4346 618 4416 palate
642 4346 782 4414 ligabatur.
810 4344 856 4399 iile
880 4348 905 4397 iii
921 4347 1053 4414 promisse
1103 4342 1399 4398 eremerl‘ereteriuiii
1414 4342 1897 4417 veneni,recutiuciierenrituter'us

264 4411 468 4480 tilietitiibabat‚
481 4416 655 4486 exspectabat
664 4416 774 4486 arigeiiis
784 4416 873 4469 illuni.
890 4413 939 4469 Ubi
951 4415 1053 4471 zaeba-
1085 4439 1091 4443 -
1104 4412 1223 4479 (liunt.
1233 4411 1339 4485 dpiam
1348 4415 1507 4471 reidendum
1515 4415 1597 4474 estad
1606 4416 1737 4486 passionis
1747 4416 1895 4485 bistigitiui.

233 4484 316 4543 :riae
327 4501 381 4542 nen
391 4486 514 4553 credidit,
527 4486 599 4542 illico
610 4486 635 4541 iii
647 4502 695 4541 erc
709 4486 852 4556 ceinpeics
863 4486 1052 4542 taciturnitatis
1103 4482 1228 4537 Paratum
1243 4493 1283 4538 est
1303 4485 1442 4539 ceiirirale
1456 4486 1601 4552 theatrum,
1621 4486 1780 4556 producitur
1794 4488 1896 4544 lasciua

262 4557 376 4626 accepit.
399 4555 575 4613 ilolinabatnr
588 4572 678 4612 sermo
700 4557 725 4611 iii
747 4565 819 4612 crate
840 4556 974 4625 pectoris,
1000 4572 1050 4612 nec
1102 4553 1221 4609 careiiex
1236 4553 1334 4609 leiniiia
1348 4569 1408 4624 quae
1422 4555 1581 4625 proplietam
1596 4572 1649 4611 nen
1662 4556 1763 4624 gladie,
1777 4558 1825 4612 sed
1841 4557 1898 4612 sal·

262 4624 348 4680 audiri
363 4635 469 4698 poterat
482 4628 558 4691 ieris,
573 4628 634 4697 quia
645 4626 702 4695 ejus
716 4642 763 4681 ora
778 4626 883 4709 imperii
894 4626 984 4681 clausa
996 4627 1051 4682 iire-
1066 4613 1090 4673 ὓ
1103 4625 1204 4679 tatione
1225 4632 1388 4694 prosternat.
1410 4624 1483 4679 liniti
1506 4626 1594 4695 puella
1613 4639 1705 4694 gressu
1728 4625 1854 4697 procedit
1867 4628 1897 4683 in

262 4702 324 4747 riint
337 4697 428 4752 claris.
445 4697 513 4754 Ecce
528 4698 639 4766 angelus
653 4698 798 4753 eiaiistriim
815 4712 841 4750 iii
856 4695 933 4750 labiis
949 4696 1050 4752 Zacha·
1101 4695 1229 4760 inedium,
1242 4694 1414 4750 iioinieidium
1427 4698 1553 4765 petitura,
1566 4705 1593 4754 et
1607 4696 1730 4755 adultero
1742 4696 1895 4766 placitura;

262 4763 308 4817 rite
322 4767 426 4835 posuit,
453 4776 480 4822 et
494 4768 639 4837 liospitiuin
665 4767 738 4821 uerbi
758 4766 898 4837 conclusit.
924 4767 1050 4822 Ascendit
1101 4765 1218 4819 alienum
1233 4767 1259 4819 iii
1274 4764 1387 4835 pedibus
1401 4774 1515 4834 portans
1534 4767 1709 4835 sanguinem,
1734 4776 1763 4822 et
1782 4768 1899 4824 sceleris

262 4832 332 4890 unde
344 4846 463 4904 venerat,
477 4839 585 4907 sigirans
596 4836 669 4906 qued
682 4845 817 4907 praiccpte
835 4835 926 4891 (lirino
941 4836 1049 4904 legave—
1101 4834 1268 4904 postulatura
1283 4835 1444 4890 mercedem.
1457 4835 1503 4891 Sic
1516 4837 1598 4895 saltat
1611 4846 1640 4890 ut
1653 4836 1769 4914 placeat,
1784 4838 1824 4892 sic
1841 4839 1900 4909 pla·

260 4911 311 4957 rat.
328 4901 403 4961 Tunc
425 4907 538 4962 solvitur
556 4907 663 4978 quaudo
685 4906 802 4962 ioannes
823 4907 951 4961 nascitur.
974 4905 1049 4962 'iuno
1100 4912 1185 4965 cetut
1198 4904 1317 4968 occidat;
1335 4905 1402 4974 proli
1422 4905 1517 4965 neiasi
1543 4917 1573 4961 ut
1593 4906 1683 4965 luxurii
1704 4922 1752 4969 cer
1771 4908 1829 4963 eris
1853 4910 1900 4964 siri

259 4985 322 5033 acce
343 4975 363 5030 it
373 4976 431 5047 rJus
442 4976 531 5046 lingua
546 4977 707 5033 solutionem
722 4975 829 5047 quotide
841 4975 979 5033 Eiizabetb
990 4976 1050 5032 edi·
1101 4975 1197 5029 mulier
1212 4974 1360 5045 periculum
1373 4984 1448 5046 petat
1461 4977 1556 5046 eapitis
1577 4977 1667 5033 aliem.
1693 4976 1742 5043 Ου’
1774 4978 1898 5048 agimus,

258 5040 297 5096 du
317 5060 417 5101 ,ocem
426 5046 484 5117 lpse
492 5048 562 5103 enini
571 5044 687 5103 ioannes
702 5045 759 5102 i'ou
769 5047 904 5107 clriornntii
915 5047 941 5100 iii
951 5063 1046 5114 eremo,
1099 5043 1237 5103 ioannes?
1246 5044 1330 5118 Quem
1343 5061 1397 5100 non
1409 5047 1502 5101 terruit
1516 5057 1592 5102 vasta
1604 5049 1688 5102 ereini
1700 5048 1831 5113 solitudo,
1844 5058 1903 5103 ter-

258 5112 303 5179 qui
316 5115 431 5170 necdum
445 5118 478 5171 de
492 5118 567 5173 rulra
584 5118 676 5172 aratris
691 5118 810 5180 exierat,
835 5127 863 5172 ct
882 5118 938 5185 iarn
953 5131 1047 5172 erem·
1081 5136 1084 5141 >
1102 5115 1171 5175 rebit
1185 5116 1323 5171 muliebris
1334 5116 1384 5172 ista
1396 5116 1526 5173 saltatio?
1545 5118 1634 5188 Caput
1647 5125 1721 5172 tuem
1737 5117 1837 5172 niuiier
1847 5134 1902 5188 pe·

257 5180 331 5303 qilum
343 5185 451 5255 peiliiiis
462 5186 674 5244 demonstrabat.
691 5187 773 5245 Adest
787 5188 867 5256 igitur
878 5187 1010 5258 propheta
1020 5189 1046 5243 in
1100 5187 1180 5241 titum
1195 5192 1247 5246 cst.
1261 5184 1314 5240 Sed
1331 5186 1428 5257 rneijus
1440 5198 1494 5255 est,
1510 5188 1597 5258 inquit
1608 5185 1748 5254 Dominus,
1763 5196 1795 5243 tit
1808 5204 1902 5244 uniiin

269 5267 327 5319 ece,
352 5270 387 5311 ex
410 5257 557 5313 uisceribus
570 5258 699 5312 maternis
718 5258 825 5313 lucerua
849 5258 986 5315 ediieitur.
1013 5258 1047 5313 de
1098 5271 1132 5311 er
1146 5256 1274 5311 inornbris
1284 5257 1337 5311 tuis
1347 5257 1500 5322 abscindas,
1512 5272 1593 5327 quani
1605 5266 1903 5329 totumcerpestiiunt

258 5327 365 5382 nomino
379 5327 532 5451 ambiqitur.
543 5326 634 5390 Pater.
646 5328 774 5398 quidnam
788 5336 940 5390 vocaretur,
957 5328 1047 5395 inqui·
1081 5347 1084 5351 ·
1116 5326 1227 5381 ehennae
1241 5326 1347 5394 ignibus
1367 5328 1455 5383 tradas
1469 5327 1578 5397 (liuttiu
1589 5344 1619 5392 ι,
1634 5325 1692 5399 aa).
1717 5326 1752 5382 Et
1765 5329 1866 5384 iteruni
1891 5350 1900 5382 ;

236 5402 241 5468 2
256 5391 333 5462 riter,
345 5405 373 5451 et
382 5398 444 5469 quia
466 5399 527 5467 equi
541 5413 596 5457 noa
606 5408 722 5467 peterat,
738 5399 881 5468 pugillares
893 5405 922 5453 ut
932 5398 1046 5467 accipiat
1128 5396 1188 5450 elite
1202 5399 1345 5452 tiniereeei
1364 5398 1408 5471 qui
1421 5398 1542 5456 eredunt
1556 5413 1648 5470 corpur
1662 5397 1771 5469 (Madd.
1789 5415 1816 5462 x,
1832 5397 1900 5470 28).

256 5464 385 5544 postolat.
409 5466 524 5538 Scripsit
546 5482 644 5522 nomen
660 5466 789 5533 inarmis,
817 5478 845 5523 et
868 5467 954 5523 neilus
974 5468 1045 5523 illico
1079 5466 1168 5522 ·Ecce
1177 5468 1232 5536 iam
1245 5467 1353 5522 diabole
1368 5477 1530 5589 qureeerante
1549 5468 1740 5538 ludenscoepit
1759 5469 1903 5527 delectari

256 5530 391 5606 disruptus
404 5547 446 5594 est
463 5540 547 5595 rucis.
567 5536 601 5590 Et
613 5548 643 5592 nt
656 5537 721 5593 iloci
740 5551 837 5593 nomen
853 5539 887 5593 iiii
908 5546 1044 5600 oneretur,
1135 5538 1197 5602 eila,
1217 5536 1250 5591 ad
1265 5536 1318 5593 bec
1336 5553 1367 5592 su
1380 5552 1423 5592 uni
1437 5545 1467 5591 ut
1479 5539 1565 5609 pessit
1579 5538 1704 5595 occidere
1716 5540 1901 5609 proplietam.

257 5605 331 5660 vocis
342 5606 425 5675 janua
437 5624 497 5679 quae
508 5609 599 5664 clausa
620 5606 707 5663 luerat
721 5616 867 5663 reseratur.
886 5552 1047 5679 inspicatur
1122 5608 1192 5663 escle
1206 5607 1269 5677 quid
1283 5605 1364 5663 babet
1376 5621 1483 5678 semper
1496 5609 1627 5665 muliebre
1638 5624 1742 5665 nemen
1753 5624 1817 5665 cuin
1826 5623 1904 5665 saii-

256 5667 505 5735 damanaverunt
521 5680 548 5735 in
563 5693 638 5734 rece.
661 5677 814 5733 Generatur
833 5676 911 5742 lilius,
926 5688 955 5733 et
969 5687 1046 5747 pater
1097 5678 1157 5731 ctis.
1183 5676 1216 5731 lii
1245 5678 1332 5743 Elias,
1354 5678 1381 5732 iri
1405 5678 1482 5747 cujus
1504 5680 1601 5750 spiritu
1625 5680 1734 5736 territae
1756 5678 1901 5739 ioannem

255 5743 370 5800 soluitur
382 5755 481 5803 mutus.
496 5748 554 5805 ior
568 5762 583 5802 a
597 5756 682 5802 matre
696 5749 800 5817 editur,
817 5757 844 5803 et
858 5749 884 5802 iii
899 5764 948 5803 ore
963 5750 1046 5818 patris
1078 5772 1081 5779 «
1097 5755 1210 5803 testatus
1224 5756 1265 5803 est
1287 5749 1416 5803 Dominus
1430 5747 1504 5819 (Lae.
1526 5766 1545 5812 i,
1563 5749 1618 5819 ii).
1642 5747 1752 5806 ietabei
1767 5751 1902 5818 reginam

232 5824 235 5827 ·
255 5827 345 5868 sermo
359 5816 613 5885 crescentianam
627 5817 797 5873 incredulitas
812 5817 913 5874 lecerat
931 5825 1044 5881 mutum,
1097 5831 1207 5886 grauem
1222 5833 1315 5888 passus
1328 5826 1370 5873 est
1381 5819 1518 5876 inlinicaiii
1532 5818 1594 5890 (iii
1603 5819 1667 5893 lieq.
1678 5836 1737 5888 tit,
1755 5822 1791 5886 ιι,
1805 5833 1905 5890 quana

233 5895 238 5906 ·
255 5882 368 5948 edentis
381 5887 505 5941 tiatiritas
520 5882 566 5941 biii
583 5886 709 5963 loquendi
731 5888 855 5955 purstiiii
875 5888 1045 5945 benciirinni.
1097 5889 1160 5943 dnm
1172 5885 1246 5956 inpii,
1260 5897 1344 5946 totuin
1354 5890 1438 5946 ritate
1449 5905 1525 5946 suarii
1537 5892 1563 5947 iii
1575 5891 1638 5959 iiiga
1648 5891 1776 5949 contririt
1790 5890 1904 5963 :cujus
