<?xml version="1.0" encoding="UTF-8"?>
<!DOCTYPE html PUBLIC "-//W3C//DTD XHTML 1.0 Transitional//EN"
    "http://www.w3.org/TR/xhtml1/DTD/xhtml1-transitional.dtd">
<html xmlns="http://www.w3.org/1999/xhtml" xml:lang="en" lang="en">
 <head>
  <title>
</title>
<meta http-equiv="Content-Type" content="text/html;charset=utf-8" />
  <meta name='ocr-system' content='tesseract 3.04.00' />
  <meta name='ocr-capabilities' content='ocr_page ocr_carea ocr_par ocr_line ocrx_word'/>
</head>
<body>
  <div class='ocr_page' id='page_1' title='image "./patrologiaecurs126unkngoog/patrologiaecurs126unkngoog_0302.png"; bbox 0 0 4064 6344; ppageno 0'>
   <div class='ocr_carea' id='block_1_1' title="bbox 283 295 1911 492">
    <p class='ocr_par' dir='ltr' id='par_1_1' title="bbox 283 295 1911 492">
     <span class='ocr_line' id='line_1_1' title="bbox 285 295 1910 379; baseline -0.006 -20"><span class='ocrx_word' id='word_1_1' title='bbox 285 304 336 359; x_wconf 79' lang='lat' dir='ltr'><strong>tut</strong></span> <span class='ocrx_word' id='word_1_2' title='bbox 532 370 537 379; x_wconf 15' lang='grc' dir='ltr'><strong>ἡ</strong></span> <span class='ocrx_word' id='word_1_3' title='bbox 793 299 821 353; x_wconf 88' lang='lat' dir='ltr'><strong>S.</strong></span> <span class='ocrx_word' id='word_1_4' title='bbox 842 297 1021 352; x_wconf 72' lang='lat' dir='ltr'><strong>tuttunrtt</strong></span> <span class='ocrx_word' id='word_1_5' title='bbox 1040 295 1191 352; x_wconf 77' lang='lat' dir='ltr'><strong>uutscout</strong></span> <span class='ocrx_word' id='word_1_6' title='bbox 1210 295 1396 353; x_wconf 81' lang='lat' dir='ltr'>RUSPENSIS</span> <span class='ocrx_word' id='word_1_7' title='bbox 1859 296 1910 350; x_wconf 69' lang='lat' dir='ltr'><strong>aaa</strong></span> 
     </span>
     <span class='ocr_line' id='line_1_2' title="bbox 283 409 1911 492; baseline -0.008 -15"><span class='ocrx_word' id='word_1_8' title='bbox 283 438 333 492; x_wconf 88' lang='lat' dir='ltr'><strong>pru</strong></span> <span class='ocrx_word' id='word_1_9' title='bbox 345 427 435 476; x_wconf 83' lang='lat' dir='ltr'><strong>nostra</strong></span> <span class='ocrx_word' id='word_1_10' title='bbox 450 418 589 488; x_wconf 72' lang='lat' dir='ltr'><strong>iniquitate</strong></span> <span class='ocrx_word' id='word_1_11' title='bbox 601 423 740 481; x_wconf 80' lang='lat' dir='ltr'><strong>scutimus,</strong></span> <span class='ocrx_word' id='word_1_12' title='bbox 751 429 784 468; x_wconf 80' lang='lat' dir='ltr'><strong>er</strong></span> <span class='ocrx_word' id='word_1_13' title='bbox 794 413 852 482; x_wconf 88' lang='lat' dir='ltr'><strong>ejus</strong></span> <span class='ocrx_word' id='word_1_14' title='bbox 864 414 983 469; x_wconf 89' lang='lat' dir='ltr'><strong>bonitate</strong></span> <span class='ocrx_word' id='word_1_15' title='bbox 993 429 1066 468; x_wconf 91' lang='lat' dir='ltr'><strong>com·</strong></span> <span class='ocrx_word' id='word_1_16' title='bbox 1082 416 1172 482; x_wconf 77' lang='lat' dir='ltr'><strong>Aquo</strong></span> <span class='ocrx_word' id='word_1_17' title='bbox 1188 412 1314 477; x_wconf 81' lang='lat' dir='ltr'><strong>tenebre,</strong></span> <span class='ocrx_word' id='word_1_18' title='bbox 1328 426 1396 481; x_wconf 88' lang='lat' dir='ltr'><strong>quas</strong></span> <span class='ocrx_word' id='word_1_19' title='bbox 1411 411 1463 466; x_wconf 92' lang='lat' dir='ltr'><strong>luci</strong></span> <span class='ocrx_word' id='word_1_20' title='bbox 1478 410 1637 467; x_wconf 86' lang='lat' dir='ltr'><strong>naturaiiter</strong></span> <span class='ocrx_word' id='word_1_21' title='bbox 1649 409 1742 467; x_wconf 90' lang='lat' dir='ltr'><strong>dieunt</strong></span> <span class='ocrx_word' id='word_1_22' title='bbox 1765 426 1826 467; x_wconf 87' lang='lat' dir='ltr'><strong>esse</strong></span> <span class='ocrx_word' id='word_1_23' title='bbox 1845 429 1911 466; x_wconf 82' lang='lat' dir='ltr'><strong>cotr-</strong></span> 
     </span>
    </p>
   </div>
   <div class='ocr_carea' id='block_1_2' title="bbox 283 502 2013 589">
    <p class='ocr_par' dir='ltr' id='par_1_2' title="bbox 283 502 2013 589">
     <span class='ocr_line' id='line_1_3' title="bbox 283 502 2013 589; baseline -0.008 -21"><span class='ocrx_word' id='word_1_24' title='bbox 283 512 361 571; x_wconf 87' lang='lat' dir='ltr'><strong>moda</strong></span> <span class='ocrx_word' id='word_1_25' title='bbox 375 511 543 589; x_wconf 76' lang='lat' dir='ltr'><strong>sentiremus.</strong></span> <span class='ocrx_word' id='word_1_26' title='bbox 564 505 629 573; x_wconf 79' lang='lat' dir='ltr'><strong>Quis</strong></span> <span class='ocrx_word' id='word_1_27' title='bbox 642 506 749 561; x_wconf 87' lang='lat' dir='ltr'><strong>laudern</strong></span> <span class='ocrx_word' id='word_1_28' title='bbox 763 505 900 561; x_wconf 83' lang='lat' dir='ltr'><strong>creatoris</strong></span> <span class='ocrx_word' id='word_1_29' title='bbox 911 503 1068 560; x_wconf 85' lang='lat' dir='ltr'><strong>sutttctenn-</strong></span> <span class='ocrx_word' id='word_1_30' title='bbox 1119 504 1225 571; x_wconf 82' lang='lat' dir='ltr'><strong>tracias,</strong></span> <span class='ocrx_word' id='word_1_31' title='bbox 1240 503 1340 558; x_wconf 87' lang='lat' dir='ltr'><strong>nullam</strong></span> <span class='ocrx_word' id='word_1_32' title='bbox 1354 503 1525 558; x_wconf 88' lang='lat' dir='ltr'><strong>inveniuntur</strong></span> <span class='ocrx_word' id='word_1_33' title='bbox 1539 503 1639 557; x_wconf 88' lang='lat' dir='ltr'><strong>babere</strong></span> <span class='ocrx_word' id='word_1_34' title='bbox 1653 504 1798 558; x_wconf 79' lang='lat' dir='ltr'><strong>naturam?</strong></span> <span class='ocrx_word' id='word_1_35' title='bbox 1817 502 1911 571; x_wconf 80' lang='lat' dir='ltr'><strong>Neque</strong></span> <span class='ocrx_word' id='word_1_36' title='bbox 2007 572 2013 589; x_wconf 87' lang='lat'><strong>.</strong></span> 
     </span>
    </p>
   </div>
   <div class='ocr_carea' id='block_1_3' title="bbox 277 580 1910 1752">
    <p class='ocr_par' dir='ltr' id='par_1_3' title="bbox 277 580 1910 1479">
     <span class='ocr_line' id='line_1_4' title="bbox 281 580 1910 687; baseline -0.009 -29"><span class='ocrx_word' id='word_1_37' title='bbox 281 605 332 687; x_wconf 77' lang='lat' dir='ltr'><strong>irps</strong></span> <span class='ocrx_word' id='word_1_38' title='bbox 346 602 463 673; x_wconf 77' lang='lat' dir='ltr'><strong>explicet</strong></span> <span class='ocrx_word' id='word_1_39' title='bbox 474 598 571 663; x_wconf 89' lang='lat' dir='ltr'><strong>verbis,</strong></span> <span class='ocrx_word' id='word_1_40' title='bbox 583 595 690 666; x_wconf 90' lang='lat' dir='ltr'><strong>quando</strong></span> <span class='ocrx_word' id='word_1_41' title='bbox 705 611 784 650; x_wconf 86' lang='lat' dir='ltr'><strong>unam</strong></span> <span class='ocrx_word' id='word_1_42' title='bbox 796 594 972 664; x_wconf 89' lang='lat' dir='ltr'><strong>eamdemque</strong></span> <span class='ocrx_word' id='word_1_43' title='bbox 991 593 1067 664; x_wconf 84' lang='lat' dir='ltr'><strong>vipe-</strong></span> <span class='ocrx_word' id='word_1_44' title='bbox 1117 580 1188 647; x_wconf 80' lang='lat' dir='ltr'><strong>enim</strong></span> <span class='ocrx_word' id='word_1_45' title='bbox 1202 593 1261 647; x_wconf 81' lang='lat' dir='ltr'><strong>dure</strong></span> <span class='ocrx_word' id='word_1_46' title='bbox 1274 601 1377 647; x_wconf 76' lang='lat' dir='ltr'><strong>naturae</strong></span> <span class='ocrx_word' id='word_1_47' title='bbox 1390 598 1454 646; x_wconf 92' lang='lat' dir='ltr'><strong>suut</strong></span> <span class='ocrx_word' id='word_1_48' title='bbox 1479 591 1525 646; x_wconf 81' lang='lat' dir='ltr'><strong>fus</strong></span> <span class='ocrx_word' id='word_1_49' title='bbox 1547 598 1575 646; x_wconf 90' lang='lat' dir='ltr'><strong>et</strong></span> <span class='ocrx_word' id='word_1_50' title='bbox 1588 590 1723 656; x_wconf 76' lang='lat' dir='ltr'><strong>tenebre,</strong></span> <span class='ocrx_word' id='word_1_51' title='bbox 1739 590 1786 646; x_wconf 89' lang='lat' dir='ltr'><strong>sed</strong></span> <span class='ocrx_word' id='word_1_52' title='bbox 1802 590 1847 645; x_wconf 92' lang='lat' dir='ltr'><strong>ubi</strong></span> <span class='ocrx_word' id='word_1_53' title='bbox 1863 590 1910 645; x_wconf 83' lang='lat' dir='ltr'><strong>lux</strong></span> 
     </span>
     <span class='ocr_line' id='line_1_5' title="bbox 282 679 1910 753; baseline -0.007 -6"><span class='ocrx_word' id='word_1_54' title='bbox 282 708 339 747; x_wconf 92' lang='lat' dir='ltr'><strong>rarn</strong></span> <span class='ocrx_word' id='word_1_55' title='bbox 352 690 392 747; x_wconf 88' lang='lat' dir='ltr'><strong>sic</strong></span> <span class='ocrx_word' id='word_1_56' title='bbox 403 688 514 752; x_wconf 84' lang='lat' dir='ltr'><strong>crearit,</strong></span> <span class='ocrx_word' id='word_1_57' title='bbox 526 696 555 740; x_wconf 94' lang='lat' dir='ltr'><strong>ut</strong></span> <span class='ocrx_word' id='word_1_58' title='bbox 568 685 646 742; x_wconf 88' lang='lat' dir='ltr'><strong>simul</strong></span> <span class='ocrx_word' id='word_1_59' title='bbox 661 687 687 741; x_wconf 94' lang='lat' dir='ltr'><strong>in</strong></span> <span class='ocrx_word' id='word_1_60' title='bbox 708 701 737 740; x_wconf 89' lang='lat' dir='ltr'><strong>sc</strong></span> <span class='ocrx_word' id='word_1_61' title='bbox 757 693 785 739; x_wconf 92' lang='lat' dir='ltr'><strong>ct</strong></span> <span class='ocrx_word' id='word_1_62' title='bbox 799 686 910 740; x_wconf 80' lang='lat' dir='ltr'><strong>exitium</strong></span> <span class='ocrx_word' id='word_1_63' title='bbox 930 692 959 740; x_wconf 89' lang='lat' dir='ltr'><strong>et</strong></span> <span class='ocrx_word' id='word_1_64' title='bbox 977 699 1065 740; x_wconf 90' lang='lat' dir='ltr'><strong>reme·</strong></span> <span class='ocrx_word' id='word_1_65' title='bbox 1117 691 1234 749; x_wconf 91' lang='lat' dir='ltr'><strong>nonest,</strong></span> <span class='ocrx_word' id='word_1_66' title='bbox 1251 681 1286 738; x_wconf 93' lang='lat' dir='ltr'><strong>ibi</strong></span> <span class='ocrx_word' id='word_1_67' title='bbox 1302 682 1359 753; x_wconf 90' lang='lat' dir='ltr'><strong>ipsa</strong></span> <span class='ocrx_word' id='word_1_68' title='bbox 1383 681 1451 738; x_wconf 91' lang='lat' dir='ltr'><strong>lucis</strong></span> <span class='ocrx_word' id='word_1_69' title='bbox 1473 680 1596 736; x_wconf 90' lang='lat' dir='ltr'><strong>absentia</strong></span> <span class='ocrx_word' id='word_1_70' title='bbox 1610 680 1781 735; x_wconf 84' lang='lat' dir='ltr'><strong>tenebrarum</strong></span> <span class='ocrx_word' id='word_1_71' title='bbox 1797 679 1910 735; x_wconf 84' lang='lat' dir='ltr'><strong>nomine</strong></span> 
     </span>
     <span class='ocr_line' id='line_1_6' title="bbox 281 756 1910 846; baseline -0.006 -14"><span class='ocrx_word' id='word_1_72' title='bbox 281 780 354 834; x_wconf 86' lang='lat' dir='ltr'><strong>diunt</strong></span> <span class='ocrx_word' id='word_1_73' title='bbox 368 785 458 846; x_wconf 88' lang='lat' dir='ltr'><strong>gerat;</strong></span> <span class='ocrx_word' id='word_1_74' title='bbox 473 784 501 830; x_wconf 90' lang='lat' dir='ltr'><strong>et</strong></span> <span class='ocrx_word' id='word_1_75' title='bbox 514 790 574 845; x_wconf 70' lang='lat' dir='ltr'><strong>quse</strong></span> <span class='ocrx_word' id='word_1_76' title='bbox 586 775 679 830; x_wconf 80' lang='lat' dir='ltr'><strong>vivens</strong></span> <span class='ocrx_word' id='word_1_77' title='bbox 699 774 796 843; x_wconf 76' lang='lat' dir='ltr'><strong>ingerit</strong></span> <span class='ocrx_word' id='word_1_78' title='bbox 819 781 943 837; x_wconf 88' lang='lat' dir='ltr'><strong>mortem,</strong></span> <span class='ocrx_word' id='word_1_79' title='bbox 960 781 1066 829; x_wconf 88' lang='lat' dir='ltr'><strong>mortua</strong></span> <span class='ocrx_word' id='word_1_80' title='bbox 1117 781 1307 843; x_wconf 79' lang='lat' dir='ltr'><strong>nrmcupatur3</strong></span> <span class='ocrx_word' id='word_1_81' title='bbox 1326 772 1395 827; x_wconf 89' lang='lat' dir='ltr'><strong>sicut</strong></span> <span class='ocrx_word' id='word_1_82' title='bbox 1413 772 1488 827; x_wconf 87' lang='lat' dir='ltr'><strong>vocis</strong></span> <span class='ocrx_word' id='word_1_83' title='bbox 1507 770 1628 825; x_wconf 87' lang='lat' dir='ltr'><strong>absentia</strong></span> <span class='ocrx_word' id='word_1_84' title='bbox 1645 756 1782 825; x_wconf 76' lang='lat' dir='ltr'><strong>silentium</strong></span> <span class='ocrx_word' id='word_1_85' title='bbox 1797 769 1910 832; x_wconf 85' lang='lat' dir='ltr'><strong>dieitur,</strong></span> 
     </span>
     <span class='ocr_line' id='line_1_7' title="bbox 282 858 1909 939; baseline -0.007 -15"><span class='ocrx_word' id='word_1_86' title='bbox 282 876 387 939; x_wconf 87' lang='lat' dir='ltr'><strong>reparet</strong></span> <span class='ocrx_word' id='word_1_87' title='bbox 400 867 559 930; x_wconf 85' lang='lat' dir='ltr'><strong>sanitatcm;</strong></span> <span class='ocrx_word' id='word_1_88' title='bbox 575 865 775 936; x_wconf 78' lang='lat' dir='ltr'><strong>perniciemque</strong></span> <span class='ocrx_word' id='word_1_89' title='bbox 789 865 851 919; x_wconf 71' lang='lat' dir='ltr'><strong>vitae</strong></span> <span class='ocrx_word' id='word_1_90' title='bbox 873 873 901 920; x_wconf 88' lang='lat' dir='ltr'><strong>et</strong></span> <span class='ocrx_word' id='word_1_91' title='bbox 923 863 1020 920; x_wconf 89' lang='lat' dir='ltr'><strong>inferat</strong></span> <span class='ocrx_word' id='word_1_92' title='bbox 1038 873 1067 920; x_wconf 89' lang='lat' dir='ltr'><strong>ct</strong></span> <span class='ocrx_word' id='word_1_93' title='bbox 1116 858 1909 930; x_wconf 82' lang='lat' dir='ltr'><strong>sicutvestimentiabsentianuditasappellatur,sicutinane</strong></span> 
     </span>
     <span class='ocr_line' id='line_1_8' title="bbox 280 946 1907 1029; baseline -0.007 -16"><span class='ocrx_word' id='word_1_94' title='bbox 280 957 406 1029; x_wconf 88' lang='lat' dir='ltr'><strong>repellat;</strong></span> <span class='ocrx_word' id='word_1_95' title='bbox 416 963 585 1011; x_wconf 86' lang='lat' dir='ltr'><strong>etrenenum</strong></span> <span class='ocrx_word' id='word_1_96' title='bbox 592 946 664 1025; x_wconf 86' lang='lat' dir='ltr'><strong>quod</strong></span> <span class='ocrx_word' id='word_1_97' title='bbox 674 954 754 1009; x_wconf 88' lang='lat' dir='ltr'><strong>dente</strong></span> <span class='ocrx_word' id='word_1_98' title='bbox 764 955 897 1024; x_wconf 89' lang='lat' dir='ltr'><strong>serpentis</strong></span> <span class='ocrx_word' id='word_1_99' title='bbox 907 953 1064 1020; x_wconf 80' lang='lat' dir='ltr'><strong>infunditur,</strong></span> <span class='ocrx_word' id='word_1_100' title='bbox 1116 968 1163 1008; x_wconf 90' lang='lat' dir='ltr'><strong>vas</strong></span> <span class='ocrx_word' id='word_1_101' title='bbox 1175 952 1273 1008; x_wconf 88' lang='lat' dir='ltr'><strong>dicitur</strong></span> <span class='ocrx_word' id='word_1_102' title='bbox 1293 953 1336 1008; x_wconf 93' lang='lat' dir='ltr'><strong>cui</strong></span> <span class='ocrx_word' id='word_1_103' title='bbox 1351 951 1423 1007; x_wconf 92' lang='lat' dir='ltr'><strong>nulla</strong></span> <span class='ocrx_word' id='word_1_104' title='bbox 1438 950 1585 1007; x_wconf 89' lang='lat' dir='ltr'><strong>substantia</strong></span> <span class='ocrx_word' id='word_1_105' title='bbox 1596 950 1652 1004; x_wconf 88' lang='lat' dir='ltr'><strong>sive</strong></span> <span class='ocrx_word' id='word_1_106' title='bbox 1663 949 1774 1018; x_wconf 88' lang='lat' dir='ltr'><strong>liquoris</strong></span> <span class='ocrx_word' id='word_1_107' title='bbox 1795 948 1852 1004; x_wconf 90' lang='lat' dir='ltr'><strong>sire</strong></span> <span class='ocrx_word' id='word_1_108' title='bbox 1866 950 1907 1004; x_wconf 90' lang='lat' dir='ltr'><strong>rei</strong></span> 
     </span>
     <span class='ocr_line' id='line_1_9' title="bbox 279 1039 1906 1116; baseline -0.006 -13"><span class='ocrx_word' id='word_1_109' title='bbox 279 1047 399 1116; x_wconf 85' lang='lat' dir='ltr'><strong>ejusdcm</strong></span> <span class='ocrx_word' id='word_1_110' title='bbox 412 1046 544 1116; x_wconf 86' lang='lat' dir='ltr'><strong>serpentis</strong></span> <span class='ocrx_word' id='word_1_111' title='bbox 557 1043 682 1099; x_wconf 88' lang='lat' dir='ltr'><strong>carnibus</strong></span> <span class='ocrx_word' id='word_1_112' title='bbox 700 1043 907 1113; x_wconf 78' lang='lat' dir='ltr'><strong>exstinguatur?</strong></span> <span class='ocrx_word' id='word_1_113' title='bbox 920 1058 974 1112; x_wconf 94' lang='lat' dir='ltr'><strong>quo</strong></span> <span class='ocrx_word' id='word_1_114' title='bbox 993 1040 1022 1098; x_wconf 87' lang='lat' dir='ltr'><strong>tlt</strong></span> <span class='ocrx_word' id='word_1_115' title='bbox 1036 1051 1066 1097; x_wconf 89' lang='lat' dir='ltr'><strong>ut</strong></span> <span class='ocrx_word' id='word_1_116' title='bbox 1115 1043 1227 1113; x_wconf 87' lang='lat' dir='ltr'><strong>alicujus</strong></span> <span class='ocrx_word' id='word_1_117' title='bbox 1237 1042 1400 1098; x_wconf 78' lang='lat' dir='ltr'><strong>infunditur:</strong></span> <span class='ocrx_word' id='word_1_118' title='bbox 1413 1042 1451 1098; x_wconf 91' lang='lat' dir='ltr'><strong>sic</strong></span> <span class='ocrx_word' id='word_1_119' title='bbox 1462 1043 1488 1097; x_wconf 95' lang='grc' dir='ltr'><strong>ιιι</strong></span> <span class='ocrx_word' id='word_1_120' title='bbox 1498 1041 1645 1112; x_wconf 80' lang='lat' dir='ltr'><strong>nobisipsis</strong></span> <span class='ocrx_word' id='word_1_121' title='bbox 1655 1039 1906 1111; x_wconf 88' lang='lat' dir='ltr'><strong>famesappcliatur,</strong></span> 
     </span>
     <span class='ocr_line' id='line_1_10' title="bbox 277 1131 1905 1206; baseline -0.001 -17"><span class='ocrx_word' id='word_1_122' title='bbox 277 1138 370 1206; x_wconf 89' lang='lat' dir='ltr'><strong>vipera</strong></span> <span class='ocrx_word' id='word_1_123' title='bbox 383 1149 443 1204; x_wconf 76' lang='lat' dir='ltr'><strong>quse</strong></span> <span class='ocrx_word' id='word_1_124' title='bbox 463 1133 556 1189; x_wconf 81' lang='lat' dir='ltr'><strong>vivens</strong></span> <span class='ocrx_word' id='word_1_125' title='bbox 569 1131 717 1187; x_wconf 84' lang='lat' dir='ltr'><strong>infirmitati</strong></span> <span class='ocrx_word' id='word_1_126' title='bbox 740 1132 861 1185; x_wconf 81' lang='lat' dir='ltr'><strong>humanae</strong></span> <span class='ocrx_word' id='word_1_127' title='bbox 887 1131 1010 1186; x_wconf 88' lang='lat' dir='ltr'><strong>militavit</strong></span> <span class='ocrx_word' id='word_1_128' title='bbox 1033 1147 1066 1186; x_wconf 94' lang='lat' dir='ltr'><strong>ac</strong></span> <span class='ocrx_word' id='word_1_129' title='bbox 1116 1135 1160 1191; x_wconf 90' lang='lat' dir='ltr'><strong>nbi</strong></span> <span class='ocrx_word' id='word_1_130' title='bbox 1171 1136 1247 1191; x_wconf 91' lang='lat' dir='ltr'><strong>cibus</strong></span> <span class='ocrx_word' id='word_1_131' title='bbox 1260 1151 1313 1191; x_wconf 89' lang='lat' dir='ltr'><strong>non</strong></span> <span class='ocrx_word' id='word_1_132' title='bbox 1325 1142 1381 1200; x_wconf 88' lang='lat' dir='ltr'><strong>est;</strong></span> <span class='ocrx_word' id='word_1_133' title='bbox 1397 1134 1455 1202; x_wconf 82' lang='lat' dir='ltr'><strong>sitis</strong></span> <span class='ocrx_word' id='word_1_134' title='bbox 1477 1134 1584 1200; x_wconf 89' lang='lat' dir='ltr'><strong>dicitur,</strong></span> <span class='ocrx_word' id='word_1_135' title='bbox 1599 1132 1644 1188; x_wconf 92' lang='lat' dir='ltr'><strong>ubi</strong></span> <span class='ocrx_word' id='word_1_136' title='bbox 1654 1142 1735 1202; x_wconf 88' lang='lat' dir='ltr'><strong>potus</strong></span> <span class='ocrx_word' id='word_1_137' title='bbox 1749 1132 1839 1187; x_wconf 89' lang='lat' dir='ltr'><strong>nullus</strong></span> <span class='ocrx_word' id='word_1_138' title='bbox 1852 1141 1905 1188; x_wconf 86' lang='lat' dir='ltr'><strong>cst.</strong></span> 
     </span>
     <span class='ocr_line' id='line_1_11' title="bbox 279 1221 1906 1301; baseline -0.006 -16"><span class='ocrx_word' id='word_1_139' title='bbox 279 1231 369 1294; x_wconf 88' lang='lat' dir='ltr'><strong>morti,</strong></span> <span class='ocrx_word' id='word_1_140' title='bbox 390 1236 496 1284; x_wconf 89' lang='lat' dir='ltr'><strong>mortua</strong></span> <span class='ocrx_word' id='word_1_141' title='bbox 518 1226 580 1283; x_wconf 73' lang='lat' dir='ltr'><strong>vitan</strong></span> <span class='ocrx_word' id='word_1_142' title='bbox 603 1225 699 1279; x_wconf 85' lang='lat' dir='ltr'><strong>militet</strong></span> <span class='ocrx_word' id='word_1_143' title='bbox 713 1232 740 1301; x_wconf 86' lang='lat' dir='ltr'><strong>et</strong></span> <span class='ocrx_word' id='word_1_144' title='bbox 758 1223 847 1279; x_wconf 85' lang='lat' dir='ltr'><strong>saluti.</strong></span> <span class='ocrx_word' id='word_1_145' title='bbox 864 1223 938 1290; x_wconf 83' lang='lat' dir='ltr'><strong>Quis,</strong></span> <span class='ocrx_word' id='word_1_146' title='bbox 962 1238 1063 1291; x_wconf 87' lang='lat' dir='ltr'><strong>quaeso,</strong></span> <span class='ocrx_word' id='word_1_147' title='bbox 1149 1225 1194 1279; x_wconf 73' lang='grc'><strong>55.</strong></span> <span class='ocrx_word' id='word_1_148' title='bbox 1210 1224 1271 1280; x_wconf 67' lang='lat' dir='ltr'><strong>llaec</strong></span> <span class='ocrx_word' id='word_1_149' title='bbox 1295 1225 1385 1294; x_wconf 91' lang='lat' dir='ltr'><strong>itaque</strong></span> <span class='ocrx_word' id='word_1_150' title='bbox 1399 1224 1488 1280; x_wconf 91' lang='lat' dir='ltr'><strong>omnia</strong></span> <span class='ocrx_word' id='word_1_151' title='bbox 1502 1238 1563 1292; x_wconf 74' lang='lat' dir='ltr'><strong>quac</strong></span> <span class='ocrx_word' id='word_1_152' title='bbox 1586 1221 1906 1286; x_wconf 80' lang='lat' dir='ltr'><strong>comnrenoravt,ert1ts</strong></span> 
     </span>
     <span class='ocr_line' id='line_1_12' title="bbox 279 1310 1906 1384; baseline -0.006 -8"><span class='ocrx_word' id='word_1_153' title='bbox 279 1325 329 1377; x_wconf 85' lang='lat' dir='ltr'><strong>ista</strong></span> <span class='ocrx_word' id='word_1_154' title='bbox 344 1319 416 1382; x_wconf 89' lang='lat' dir='ltr'><strong>facit,</strong></span> <span class='ocrx_word' id='word_1_155' title='bbox 436 1319 486 1373; x_wconf 88' lang='lat' dir='ltr'><strong>nisi</strong></span> <span class='ocrx_word' id='word_1_156' title='bbox 501 1318 543 1373; x_wconf 92' lang='lat' dir='ltr'><strong>cui</strong></span> <span class='ocrx_word' id='word_1_157' title='bbox 558 1314 769 1371; x_wconf 89' lang='lat' dir='ltr'><strong>misericordiam</strong></span> <span class='ocrx_word' id='word_1_158' title='bbox 783 1322 811 1368; x_wconf 92' lang='lat' dir='ltr'><strong>ct</strong></span> <span class='ocrx_word' id='word_1_159' title='bbox 824 1311 954 1382; x_wconf 86' lang='lat' dir='ltr'><strong>judicium</strong></span> <span class='ocrx_word' id='word_1_160' title='bbox 976 1312 1062 1384; x_wconf 77' lang='lat' dir='ltr'><strong>(Prot.</strong></span> <span class='ocrx_word' id='word_1_161' title='bbox 1115 1314 1211 1370; x_wconf 83' lang='lat' dir='ltr'><strong>sitnilia</strong></span> <span class='ocrx_word' id='word_1_162' title='bbox 1224 1329 1285 1383; x_wconf 79' lang='lat' dir='ltr'><strong>quse</strong></span> <span class='ocrx_word' id='word_1_163' title='bbox 1298 1330 1348 1384; x_wconf 94' lang='lat' dir='ltr'><strong>pro</strong></span> <span class='ocrx_word' id='word_1_164' title='bbox 1374 1312 1550 1368; x_wconf 90' lang='lat' dir='ltr'><strong>custodienda</strong></span> <span class='ocrx_word' id='word_1_165' title='bbox 1571 1310 1758 1382; x_wconf 87' lang='lat' dir='ltr'><strong>disputationis</strong></span> <span class='ocrx_word' id='word_1_166' title='bbox 1767 1311 1906 1366; x_wconf 83' lang='lat' dir='ltr'><strong>‘modera-</strong></span> 
     </span>
     <span class='ocr_line' id='line_1_13' title="bbox 279 1396 1904 1479; baseline -0.004 -15"><span class='ocrx_word' id='word_1_167' title='bbox 279 1430 303 1475; x_wconf 86' lang='lat' dir='ltr'><strong>c,</strong></span> <span class='ocrx_word' id='word_1_168' title='bbox 320 1410 351 1479; x_wconf 85' lang='grc' dir='ltr'><strong>ι)</strong></span> <span class='ocrx_word' id='word_1_169' title='bbox 364 1415 455 1465; x_wconf 87' lang='lat' dir='ltr'><strong>cantat</strong></span> <span class='ocrx_word' id='word_1_170' title='bbox 468 1406 607 1462; x_wconf 83' lang='lat' dir='ltr'><strong>Ecclesiaf</strong></span> <span class='ocrx_word' id='word_1_171' title='bbox 939 1396 942 1403; x_wconf 78' lang='grc'><strong>’</strong></span> <span class='ocrx_word' id='word_1_172' title='bbox 1115 1406 1189 1462; x_wconf 89' lang='lat' dir='ltr'><strong>tione</strong></span> <span class='ocrx_word' id='word_1_173' title='bbox 1203 1421 1274 1461; x_wconf 90' lang='lat' dir='ltr'><strong>nuuc</strong></span> <span class='ocrx_word' id='word_1_174' title='bbox 1284 1406 1365 1471; x_wconf 87' lang='grc' dir='ltr'>ιιιιιι,</span> <span class='ocrx_word' id='word_1_175' title='bbox 1385 1414 1448 1462; x_wconf 90' lang='lat' dir='ltr'><strong>sunt</strong></span> <span class='ocrx_word' id='word_1_176' title='bbox 1460 1405 1569 1474; x_wconf 87' lang='lat' dir='ltr'><strong>quidem</strong></span> <span class='ocrx_word' id='word_1_177' title='bbox 1584 1404 1643 1458; x_wconf 90' lang='lat' dir='ltr'><strong>sine</strong></span> <span class='ocrx_word' id='word_1_178' title='bbox 1657 1400 1826 1459; x_wconf 87' lang='lat' dir='ltr'><strong>dubitatione</strong></span> <span class='ocrx_word' id='word_1_179' title='bbox 1836 1417 1904 1458; x_wconf 88' lang='lat' dir='ltr'><strong>con·</strong></span> 
     </span>
    </p>

    <p class='ocr_par' dir='ltr' id='par_1_4' title="bbox 278 1484 1905 1752">
     <span class='ocr_line' id='line_1_14' title="bbox 312 1484 1905 1578; baseline -0.003 -25"><span class='ocrx_word' id='word_1_180' title='bbox 312 1499 358 1554; x_wconf 70' lang='lat' dir='ltr'><strong>bl.</strong></span> <span class='ocrx_word' id='word_1_181' title='bbox 378 1497 488 1569; x_wconf 83' lang='lat' dir='ltr'><strong>Species</strong></span> <span class='ocrx_word' id='word_1_182' title='bbox 509 1511 568 1566; x_wconf 85' lang='lat' dir='ltr'><strong>qure</strong></span> <span class='ocrx_word' id='word_1_183' title='bbox 581 1495 679 1550; x_wconf 91' lang='lat' dir='ltr'><strong>dicitur</strong></span> <span class='ocrx_word' id='word_1_184' title='bbox 692 1493 869 1556; x_wconf 83' lang='lat' dir='ltr'><strong>scammonia,</strong></span> <span class='ocrx_word' id='word_1_185' title='bbox 883 1491 943 1578; x_wconf 77' lang='lat' dir='ltr'><strong>quis</strong></span> <span class='ocrx_word' id='word_1_186' title='bbox 958 1492 1067 1569; x_wconf 86' lang='lat' dir='ltr'><strong>ignorat</strong></span> <span class='ocrx_word' id='word_1_187' title='bbox 1115 1496 1208 1562; x_wconf 88' lang='lat' dir='ltr'><strong>traria,</strong></span> <span class='ocrx_word' id='word_1_188' title='bbox 1219 1511 1274 1551; x_wconf 91' lang='lat' dir='ltr'><strong>non</strong></span> <span class='ocrx_word' id='word_1_189' title='bbox 1294 1505 1383 1551; x_wconf 86' lang='lat' dir='ltr'><strong>tamen</strong></span> <span class='ocrx_word' id='word_1_190' title='bbox 1402 1484 1452 1565; x_wconf 79' lang='lat' dir='ltr'><strong>per</strong></span> <span class='ocrx_word' id='word_1_191' title='bbox 1463 1495 1587 1566; x_wconf 90' lang='lat' dir='ltr'><strong>proprias</strong></span> <span class='ocrx_word' id='word_1_192' title='bbox 1601 1502 1720 1559; x_wconf 87' lang='lat' dir='ltr'><strong>naturas,</strong></span> <span class='ocrx_word' id='word_1_193' title='bbox 1736 1494 1782 1548; x_wconf 87' lang='lat' dir='ltr'><strong>sed</strong></span> <span class='ocrx_word' id='word_1_194' title='bbox 1794 1509 1845 1562; x_wconf 89' lang='lat' dir='ltr'><strong>per</strong></span> <span class='ocrx_word' id='word_1_195' title='bbox 1857 1493 1905 1548; x_wconf 84' lang='lat' dir='ltr'><strong>lra-</strong></span> 
     </span>
     <span class='ocr_line' id='line_1_15' title="bbox 278 1585 1903 1660; baseline -0.007 -7"><span class='ocrx_word' id='word_1_196' title='bbox 278 1598 407 1660; x_wconf 70' lang='lat' dir='ltr'><strong>«quantum</strong></span> <span class='ocrx_word' id='word_1_197' title='bbox 426 1588 497 1644; x_wconf 65' lang='lat' dir='ltr'><strong>obsil</strong></span> <span class='ocrx_word' id='word_1_198' title='bbox 518 1588 600 1652; x_wconf 88' lang='lat' dir='ltr'><strong>sanis,</strong></span> <span class='ocrx_word' id='word_1_199' title='bbox 622 1587 645 1642; x_wconf 70' lang='lat' dir='ltr'><strong>Si</strong></span> <span class='ocrx_word' id='word_1_200' title='bbox 667 1586 725 1641; x_wconf 64' lang='lat'><strong>⁸⁰¹²</strong></span> <span class='ocrx_word' id='word_1_201' title='bbox 744 1592 878 1648; x_wconf 66' lang='lat' dir='ltr'><strong>summit</strong></span> <span class='ocrx_word' id='word_1_202' title='bbox 894 1591 922 1639; x_wconf 71' lang='lat' dir='ltr'><strong>el</strong></span> <span class='ocrx_word' id='word_1_203' title='bbox 934 1590 1063 1652; x_wconf 66' lang='grc'><strong>(11131111111</strong></span> <span class='ocrx_word' id='word_1_204' title='bbox 1114 1587 1199 1643; x_wconf 86' lang='lat' dir='ltr'><strong>bitum</strong></span> <span class='ocrx_word' id='word_1_205' title='bbox 1211 1595 1239 1642; x_wconf 93' lang='lat' dir='ltr'><strong>et</strong></span> <span class='ocrx_word' id='word_1_206' title='bbox 1252 1587 1441 1658; x_wconf 78' lang='lat' dir='ltr'><strong>privationem,</strong></span> <span class='ocrx_word' id='word_1_207' title='bbox 1453 1585 1479 1641; x_wconf 93' lang='lat' dir='ltr'><strong>id</strong></span> <span class='ocrx_word' id='word_1_208' title='bbox 1492 1592 1533 1642; x_wconf 83' lang='lat' dir='ltr'><strong>est</strong></span> <span class='ocrx_word' id='word_1_209' title='bbox 1544 1601 1592 1656; x_wconf 90' lang='lat' dir='ltr'><strong>per</strong></span> <span class='ocrx_word' id='word_1_210' title='bbox 1606 1600 1666 1640; x_wconf 88' lang='lat' dir='ltr'><strong>eam</strong></span> <span class='ocrx_word' id='word_1_211' title='bbox 1684 1585 1903 1641; x_wconf 80' lang='lat' dir='ltr'><strong>contrarietatem</strong></span> 
     </span>
     <span class='ocr_line' id='line_1_16' title="bbox 278 1673 1901 1752; baseline -0.005 -16"><span class='ocrx_word' id='word_1_212' title='bbox 278 1683 363 1752; x_wconf 88' lang='lat' dir='ltr'><strong>prosit</strong></span> <span class='ocrx_word' id='word_1_213' title='bbox 374 1681 485 1736; x_wconf 88' lang='lat' dir='ltr'><strong>infirmis</strong></span> <span class='ocrx_word' id='word_1_214' title='bbox 496 1679 519 1734; x_wconf 89' lang='lat' dir='ltr'><strong>si</strong></span> <span class='ocrx_word' id='word_1_215' title='bbox 539 1677 679 1749; x_wconf 83' lang='lat' dir='ltr'><strong>speciebus</strong></span> <span class='ocrx_word' id='word_1_216' title='bbox 693 1676 753 1730; x_wconf 86' lang='lat' dir='ltr'><strong>aliis</strong></span> <span class='ocrx_word' id='word_1_217' title='bbox 766 1688 883 1743; x_wconf 90' lang='lat' dir='ltr'><strong>congrue</strong></span> <span class='ocrx_word' id='word_1_218' title='bbox 901 1673 1064 1729; x_wconf 84' lang='lat' dir='ltr'><strong>urisceaturl</strong></span> <span class='ocrx_word' id='word_1_219' title='bbox 1115 1693 1168 1748; x_wconf 82' lang='lat' dir='ltr'><strong>qun</strong></span> <span class='ocrx_word' id='word_1_220' title='bbox 1184 1678 1227 1734; x_wconf 78' lang='lat' dir='ltr'><strong>vet</strong></span> <span class='ocrx_word' id='word_1_221' title='bbox 1249 1678 1365 1733; x_wconf 81' lang='lat' dir='ltr'><strong>habeam</strong></span> <span class='ocrx_word' id='word_1_222' title='bbox 1387 1675 1496 1747; x_wconf 84' lang='lat' dir='ltr'><strong>aliquid,</strong></span> <span class='ocrx_word' id='word_1_223' title='bbox 1511 1675 1554 1730; x_wconf 90' lang='lat' dir='ltr'><strong>vel</strong></span> <span class='ocrx_word' id='word_1_224' title='bbox 1573 1674 1672 1744; x_wconf 90' lang='lat' dir='ltr'><strong>aliquid</strong></span> <span class='ocrx_word' id='word_1_225' title='bbox 1697 1689 1750 1729; x_wconf 92' lang='lat' dir='ltr'><strong>non</strong></span> <span class='ocrx_word' id='word_1_226' title='bbox 1776 1674 1901 1730; x_wconf 86' lang='lat' dir='ltr'><strong>babetur.</strong></span> 
     </span>
    </p>
   </div>
   <div class='ocr_carea' id='block_1_4' title="bbox 278 1762 1953 1840">
    <p class='ocr_par' dir='ltr' id='par_1_5' title="bbox 278 1762 1953 1840">
     <span class='ocr_line' id='line_1_17' title="bbox 278 1762 1953 1840; baseline -0.001 -16"><span class='ocrx_word' id='word_1_227' title='bbox 278 1771 311 1825; x_wconf 74' lang='lat' dir='ltr'><strong>et</strong></span> <span class='ocrx_word' id='word_1_228' title='bbox 325 1779 354 1826; x_wconf 93' lang='lat' dir='ltr'><strong>nt</strong></span> <span class='ocrx_word' id='word_1_229' title='bbox 367 1770 402 1826; x_wconf 84' lang='lat' dir='ltr'><strong>de</strong></span> <span class='ocrx_word' id='word_1_230' title='bbox 415 1769 456 1825; x_wconf 90' lang='lat' dir='ltr'><strong>bis</strong></span> <span class='ocrx_word' id='word_1_231' title='bbox 470 1770 566 1840; x_wconf 89' lang='lat' dir='ltr'><strong>loquar</strong></span> <span class='ocrx_word' id='word_1_232' title='bbox 580 1781 639 1838; x_wconf 76' lang='lat' dir='ltr'><strong>qua</strong></span> <span class='ocrx_word' id='word_1_233' title='bbox 661 1780 768 1835; x_wconf 88' lang='lat' dir='ltr'><strong>semper</strong></span> <span class='ocrx_word' id='word_1_234' title='bbox 781 1764 814 1819; x_wconf 93' lang='lat' dir='ltr'><strong>ab</strong></span> <span class='ocrx_word' id='word_1_235' title='bbox 834 1762 959 1818; x_wconf 89' lang='lat' dir='ltr'><strong>omnibus</strong></span> <span class='ocrx_word' id='word_1_236' title='bbox 980 1777 1063 1832; x_wconf 84' lang='lat' dir='ltr'><strong>appe·</strong></span> <span class='ocrx_word' id='word_1_237' title='bbox 1079 1768 1103 1827; x_wconf 85' lang='lat' dir='ltr'>B</span> <span class='ocrx_word' id='word_1_238' title='bbox 1116 1767 1232 1824; x_wconf 84' lang='lat' dir='ltr'><strong>Proinde</strong></span> <span class='ocrx_word' id='word_1_239' title='bbox 1254 1768 1318 1823; x_wconf 87' lang='lat' dir='ltr'><strong>licet</strong></span> <span class='ocrx_word' id='word_1_240' title='bbox 1340 1767 1394 1823; x_wconf 89' lang='lat' dir='ltr'><strong>sint</strong></span> <span class='ocrx_word' id='word_1_241' title='bbox 1404 1767 1550 1835; x_wconf 86' lang='lat' dir='ltr'><strong>contraria,</strong></span> <span class='ocrx_word' id='word_1_242' title='bbox 1562 1781 1615 1820; x_wconf 92' lang='lat' dir='ltr'><strong>non</strong></span> <span class='ocrx_word' id='word_1_243' title='bbox 1628 1774 1715 1820; x_wconf 90' lang='lat' dir='ltr'><strong>tamen</strong></span> <span class='ocrx_word' id='word_1_244' title='bbox 1729 1781 1825 1821; x_wconf 88' lang='lat' dir='ltr'><strong>corum</strong></span> <span class='ocrx_word' id='word_1_245' title='bbox 1838 1780 1905 1820; x_wconf 93' lang='lat' dir='ltr'><strong>con·</strong></span> <span class='ocrx_word' id='word_1_246' title='bbox 1950 1817 1953 1822; x_wconf 91' lang='lat'>.</span> 
     </span>
    </p>
   </div>
   <div class='ocr_carea' id='block_1_5' title="bbox 278 1852 1904 2020">
    <p class='ocr_par' dir='ltr' id='par_1_6' title="bbox 278 1852 1904 2020">
     <span class='ocr_line' id='line_1_18' title="bbox 278 1852 1904 1931; baseline -0.009 -14"><span class='ocrx_word' id='word_1_247' title='bbox 278 1859 379 1931; x_wconf 77' lang='lat' dir='ltr'><strong>liuntur,</strong></span> <span class='ocrx_word' id='word_1_248' title='bbox 391 1869 418 1917; x_wconf 91' lang='lat' dir='ltr'><strong>et</strong></span> <span class='ocrx_word' id='word_1_249' title='bbox 429 1875 542 1931; x_wconf 87' lang='lat' dir='ltr'><strong>qnormn</strong></span> <span class='ocrx_word' id='word_1_250' title='bbox 554 1857 709 1925; x_wconf 85' lang='lat' dir='ltr'><strong>quotidiano</strong></span> <span class='ocrx_word' id='word_1_251' title='bbox 724 1871 772 1910; x_wconf 88' lang='lat' dir='ltr'><strong>usu</strong></span> <span class='ocrx_word' id='word_1_252' title='bbox 788 1854 937 1909; x_wconf 90' lang='lat' dir='ltr'><strong>nonsolum</strong></span> <span class='ocrx_word' id='word_1_253' title='bbox 952 1852 1063 1907; x_wconf 85' lang='lat' dir='ltr'><strong>intinni-</strong></span> <span class='ocrx_word' id='word_1_254' title='bbox 1116 1858 1191 1914; x_wconf 70' lang='lat' dir='ltr'><strong>erarii</strong></span> <span class='ocrx_word' id='word_1_255' title='bbox 1214 1873 1322 1928; x_wconf 71' lang='lat' dir='ltr'><strong>semper</strong></span> <span class='ocrx_word' id='word_1_256' title='bbox 1349 1858 1521 1912; x_wconf 76' lang='lat' dir='ltr'><strong>inveniuntur</strong></span> <span class='ocrx_word' id='word_1_257' title='bbox 1545 1854 1677 1911; x_wconf 71' lang='lat' dir='ltr'><strong>effectus:</strong></span> <span class='ocrx_word' id='word_1_258' title='bbox 1698 1871 1758 1910; x_wconf 66' lang='lat' dir='ltr'><strong>nani</strong></span> <span class='ocrx_word' id='word_1_259' title='bbox 1781 1855 1828 1910; x_wconf 75' lang='lat' dir='ltr'><strong>tux</strong></span> <span class='ocrx_word' id='word_1_260' title='bbox 1852 1855 1904 1911; x_wconf 68' lang='lat' dir='ltr'><strong>ista</strong></span> 
     </span>
     <span class='ocr_line' id='line_1_19' title="bbox 278 1942 1902 2020; baseline -0.004 -14"><span class='ocrx_word' id='word_1_261' title='bbox 278 1963 329 2016; x_wconf 89' lang='lat' dir='ltr'><strong>tas,</strong></span> <span class='ocrx_word' id='word_1_262' title='bbox 343 1951 391 2007; x_wconf 88' lang='lat' dir='ltr'><strong>sed</strong></span> <span class='ocrx_word' id='word_1_263' title='bbox 414 1949 495 2005; x_wconf 87' lang='grc' dir='ltr'>ιιιιιιι</span> <span class='ocrx_word' id='word_1_264' title='bbox 511 1949 567 2019; x_wconf 81' lang='lat' dir='ltr'><strong>ipsa</strong></span> <span class='ocrx_word' id='word_1_265' title='bbox 581 1946 715 2001; x_wconf 82' lang='lat' dir='ltr'><strong>iuvenitur</strong></span> <span class='ocrx_word' id='word_1_266' title='bbox 738 1944 799 1999; x_wconf 76' lang='lat' dir='ltr'><strong>vitae</strong></span> <span class='ocrx_word' id='word_1_267' title='bbox 819 1944 941 1998; x_wconf 65' lang='lat' dir='ltr'><strong>bumana)</strong></span> <span class='ocrx_word' id='word_1_268' title='bbox 963 1942 1064 1997; x_wconf 63' lang='lat' dir='ltr'><strong>sanitas</strong></span> <span class='ocrx_word' id='word_1_269' title='bbox 1113 1950 1245 2020; x_wconf 90' lang='lat' dir='ltr'><strong>corporis,</strong></span> <span class='ocrx_word' id='word_1_270' title='bbox 1253 1963 1333 2017; x_wconf 92' lang='lat' dir='ltr'><strong>quam</strong></span> <span class='ocrx_word' id='word_1_271' title='bbox 1341 1946 1481 2003; x_wconf 80' lang='lat' dir='ltr'><strong>llanicbaei</strong></span> <span class='ocrx_word' id='word_1_272' title='bbox 1489 1945 1637 2017; x_wconf 89' lang='lat' dir='ltr'><strong>principale</strong></span> <span class='ocrx_word' id='word_1_273' title='bbox 1647 1945 1746 2001; x_wconf 89' lang='lat' dir='ltr'><strong>bouum</strong></span> <span class='ocrx_word' id='word_1_274' title='bbox 1756 1946 1902 2011; x_wconf 70' lang='lat' dir='ltr'><strong>restituam,</strong></span> 
     </span>
    </p>
   </div>
   <div class='ocr_carea' id='block_1_6' title="bbox 277 2023 1902 2193">
    <p class='ocr_par' dir='ltr' id='par_1_7' title="bbox 277 2023 1902 2193">
     <span class='ocr_line' id='line_1_20' title="bbox 278 2023 1902 2110; baseline -0.007 -15"><span class='ocrx_word' id='word_1_275' title='bbox 278 2042 408 2110; x_wconf 85' lang='lat' dir='ltr'><strong>indigere,</strong></span> <span class='ocrx_word' id='word_1_276' title='bbox 420 2053 516 2109; x_wconf 89' lang='lat' dir='ltr'><strong>panem</strong></span> <span class='ocrx_word' id='word_1_277' title='bbox 528 2036 696 2092; x_wconf 89' lang='lat' dir='ltr'><strong>attendamus</strong></span> <span class='ocrx_word' id='word_1_278' title='bbox 709 2043 737 2089; x_wconf 89' lang='lat' dir='ltr'><strong>et</strong></span> <span class='ocrx_word' id='word_1_279' title='bbox 749 2023 852 2105; x_wconf 84' lang='lat' dir='ltr'><strong>vinum,</strong></span> <span class='ocrx_word' id='word_1_280' title='bbox 866 2048 981 2103; x_wconf 89' lang='lat' dir='ltr'><strong>quorum</strong></span> <span class='ocrx_word' id='word_1_281' title='bbox 998 2048 1063 2087; x_wconf 90' lang='lat' dir='ltr'><strong>ncu—</strong></span> <span class='ocrx_word' id='word_1_282' title='bbox 1113 2055 1174 2095; x_wconf 67' lang='lat' dir='ltr'><strong>cvm</strong></span> <span class='ocrx_word' id='word_1_283' title='bbox 1188 2040 1258 2095; x_wconf 76' lang='lat' dir='ltr'><strong>bona</strong></span> <span class='ocrx_word' id='word_1_284' title='bbox 1275 2038 1310 2095; x_wconf 67' lang='lat' dir='ltr'><strong>git</strong></span> <span class='ocrx_word' id='word_1_285' title='bbox 1320 2039 1437 2108; x_wconf 72' lang='lat' dir='ltr'><strong>quidem,</strong></span> <span class='ocrx_word' id='word_1_286' title='bbox 1451 2038 1577 2108; x_wconf 77' lang='lat' dir='ltr'><strong>quoniam</strong></span> <span class='ocrx_word' id='word_1_287' title='bbox 1588 2053 1603 2092; x_wconf 81' lang='lat' dir='ltr'><strong>a</strong></span> <span class='ocrx_word' id='word_1_288' title='bbox 1613 2053 1718 2093; x_wconf 77' lang='lat' dir='ltr'><strong>summo</strong></span> <span class='ocrx_word' id='word_1_289' title='bbox 1731 2038 1902 2093; x_wconf 66' lang='lat' dir='ltr'><strong>bonnet-eata</strong></span> 
     </span>
     <span class='ocr_line' id='line_1_21' title="bbox 277 2121 1902 2193; baseline -0.007 -3"><span class='ocrx_word' id='word_1_290' title='bbox 277 2145 348 2185; x_wconf 80' lang='lat' dir='ltr'><strong>trum</strong></span> <span class='ocrx_word' id='word_1_291' title='bbox 371 2128 496 2184; x_wconf 70' lang='lat' dir='ltr'><strong>convenil</strong></span> <span class='ocrx_word' id='word_1_292' title='bbox 518 2124 690 2181; x_wconf 65' lang='lat' dir='ltr'><strong>sebtlcliassil·</strong></span> <span class='ocrx_word' id='word_1_293' title='bbox 706 2122 773 2187; x_wconf 66' lang='lat' dir='ltr'><strong>Natu</strong></span> <span class='ocrx_word' id='word_1_294' title='bbox 783 2122 903 2177; x_wconf 80' lang='lat' dir='ltr'><strong>videmus</strong></span> <span class='ocrx_word' id='word_1_295' title='bbox 917 2137 931 2176; x_wconf 91' lang='lat' dir='ltr'><strong>a</strong></span> <span class='ocrx_word' id='word_1_296' title='bbox 952 2121 1063 2183; x_wconf 84' lang='lat' dir='ltr'><strong>medicis</strong></span> <span class='ocrx_word' id='word_1_297' title='bbox 1113 2136 1163 2193; x_wconf 88' lang='lat' dir='ltr'><strong>est,</strong></span> <span class='ocrx_word' id='word_1_298' title='bbox 1180 2128 1206 2181; x_wconf 90' lang='lat' dir='ltr'><strong>in</strong></span> <span class='ocrx_word' id='word_1_299' title='bbox 1221 2134 1325 2182; x_wconf 75' lang='lat' dir='ltr'><strong>mutum</strong></span> <span class='ocrx_word' id='word_1_300' title='bbox 1339 2136 1429 2182; x_wconf 84' lang='grc' dir='ltr'>ιιιιιιιι</span> <span class='ocrx_word' id='word_1_301' title='bbox 1444 2126 1473 2179; x_wconf 88' lang='lat' dir='ltr'><strong>ttt</strong></span> <span class='ocrx_word' id='word_1_302' title='bbox 1487 2126 1566 2191; x_wconf 92' lang='lat' dir='ltr'><strong>bona,</strong></span> <span class='ocrx_word' id='word_1_303' title='bbox 1582 2134 1612 2180; x_wconf 91' lang='lat' dir='ltr'><strong>ut</strong></span> <span class='ocrx_word' id='word_1_304' title='bbox 1625 2125 1650 2180; x_wconf 91' lang='lat' dir='ltr'><strong>ei</strong></span> <span class='ocrx_word' id='word_1_305' title='bbox 1669 2125 1828 2180; x_wconf 87' lang='lat' dir='ltr'><strong>naturaliter</strong></span> <span class='ocrx_word' id='word_1_306' title='bbox 1842 2125 1902 2179; x_wconf 73' lang='lat' dir='ltr'><strong>vitm</strong></span> 
     </span>
    </p>
   </div>
   <div class='ocr_carea' id='block_1_7' title="bbox 230 2211 1902 3105">
    <p class='ocr_par' dir='ltr' id='par_1_8' title="bbox 230 2211 1902 3105">
     <span class='ocr_line' id='line_1_22' title="bbox 278 2211 1902 2290; baseline -0.01 -5"><span class='ocrx_word' id='word_1_307' title='bbox 278 2219 349 2290; x_wconf 90' lang='lat' dir='ltr'><strong>quod</strong></span> <span class='ocrx_word' id='word_1_308' title='bbox 358 2233 465 2288; x_wconf 88' lang='lat' dir='ltr'><strong>semper</strong></span> <span class='ocrx_word' id='word_1_309' title='bbox 474 2215 581 2285; x_wconf 66' lang='lat' dir='ltr'><strong>quidem</strong></span> <span class='ocrx_word' id='word_1_310' title='bbox 597 2223 685 2285; x_wconf 66' lang='lat' dir='ltr'><strong>bolus,</strong></span> <span class='ocrx_word' id='word_1_311' title='bbox 702 2227 891 2283; x_wconf 66' lang='lat' dir='ltr'><strong>nonuunquam</strong></span> <span class='ocrx_word' id='word_1_312' title='bbox 903 2226 968 2267; x_wconf 68' lang='lat' dir='ltr'><strong>tero</strong></span> <span class='ocrx_word' id='word_1_313' title='bbox 981 2211 1062 2267; x_wconf 87' lang='lat' dir='ltr'><strong>etiam</strong></span> <span class='ocrx_word' id='word_1_314' title='bbox 1112 2217 1148 2272; x_wconf 90' lang='lat' dir='ltr'><strong>sit</strong></span> <span class='ocrx_word' id='word_1_315' title='bbox 1162 2215 1331 2287; x_wconf 71' lang='lat' dir='ltr'><strong>pracferenda</strong></span> <span class='ocrx_word' id='word_1_316' title='bbox 1346 2216 1512 2281; x_wconf 87' lang='lat' dir='ltr'><strong>substantia;</strong></span> <span class='ocrx_word' id='word_1_317' title='bbox 1526 2214 1589 2271; x_wconf 88' lang='lat' dir='ltr'><strong>licet</strong></span> <span class='ocrx_word' id='word_1_318' title='bbox 1602 2228 1667 2285; x_wconf 87' lang='lat' dir='ltr'><strong>ergo</strong></span> <span class='ocrx_word' id='word_1_319' title='bbox 1688 2217 1723 2270; x_wconf 89' lang='lat' dir='ltr'><strong>sit</strong></span> <span class='ocrx_word' id='word_1_320' title='bbox 1736 2215 1818 2277; x_wconf 92' lang='lat' dir='ltr'><strong>bona,</strong></span> <span class='ocrx_word' id='word_1_321' title='bbox 1835 2231 1902 2270; x_wconf 84' lang='lat' dir='ltr'><strong>non·</strong></span> 
     </span>
     <span class='ocr_line' id='line_1_23' title="bbox 278 2290 1902 2384; baseline -0.007 -15"><span class='ocrx_word' id='word_1_322' title='bbox 278 2315 354 2384; x_wconf 90' lang='lat' dir='ltr'><strong>panis</strong></span> <span class='ocrx_word' id='word_1_323' title='bbox 367 2312 443 2368; x_wconf 92' lang='lat' dir='ltr'><strong>cibus</strong></span> <span class='ocrx_word' id='word_1_324' title='bbox 453 2308 630 2365; x_wconf 81' lang='lat' dir='ltr'><strong>interdicatur</strong></span> <span class='ocrx_word' id='word_1_325' title='bbox 646 2307 764 2375; x_wconf 71' lang='lat' dir='ltr'><strong>aegrotis.</strong></span> <span class='ocrx_word' id='word_1_326' title='bbox 777 2305 840 2360; x_wconf 89' lang='lat' dir='ltr'><strong>ideo</strong></span> <span class='ocrx_word' id='word_1_327' title='bbox 854 2314 944 2359; x_wconf 87' lang='lat' dir='ltr'><strong>autem</strong></span> <span class='ocrx_word' id='word_1_328' title='bbox 958 2306 1010 2358; x_wconf 87' lang='lat' dir='ltr'><strong>boc</strong></span> <span class='ocrx_word' id='word_1_329' title='bbox 1021 2301 1060 2369; x_wconf 91' lang='lat' dir='ltr'><strong>lit,</strong></span> <span class='ocrx_word' id='word_1_330' title='bbox 1113 2320 1249 2374; x_wconf 90' lang='lat' dir='ltr'><strong>nunquam</strong></span> <span class='ocrx_word' id='word_1_331' title='bbox 1269 2311 1359 2359; x_wconf 87' lang='lat' dir='ltr'><strong>tamen</strong></span> <span class='ocrx_word' id='word_1_332' title='bbox 1374 2304 1427 2360; x_wconf 87' lang='lat' dir='ltr'><strong>iilis</strong></span> <span class='ocrx_word' id='word_1_333' title='bbox 1441 2304 1486 2374; x_wconf 91' lang='lat' dir='ltr'><strong>qui</strong></span> <span class='ocrx_word' id='word_1_334' title='bbox 1499 2318 1532 2358; x_wconf 86' lang='lat' dir='ltr'><strong>ea</strong></span> <span class='ocrx_word' id='word_1_335' title='bbox 1546 2303 1693 2372; x_wconf 88' lang='lat' dir='ltr'><strong>incongrue</strong></span> <span class='ocrx_word' id='word_1_336' title='bbox 1712 2312 1826 2358; x_wconf 92' lang='lat' dir='ltr'><strong>utuntur</strong></span> <span class='ocrx_word' id='word_1_337' title='bbox 1847 2290 1902 2357; x_wconf 84' lang='lat' dir='ltr'><strong>non</strong></span> 
     </span>
     <span class='ocr_line' id='line_1_24' title="bbox 277 2392 1901 2472; baseline -0.005 -16"><span class='ocrx_word' id='word_1_338' title='bbox 277 2420 331 2458; x_wconf 91' lang='lat' dir='ltr'><strong>non</strong></span> <span class='ocrx_word' id='word_1_339' title='bbox 342 2402 404 2472; x_wconf 87' lang='lat' dir='ltr'><strong>quia</strong></span> <span class='ocrx_word' id='word_1_340' title='bbox 416 2399 493 2470; x_wconf 87' lang='lat' dir='ltr'><strong>panis</strong></span> <span class='ocrx_word' id='word_1_341' title='bbox 503 2397 649 2453; x_wconf 86' lang='lat' dir='ltr'><strong>autvinum</strong></span> <span class='ocrx_word' id='word_1_342' title='bbox 663 2395 732 2449; x_wconf 88' lang='lat' dir='ltr'><strong>mala</strong></span> <span class='ocrx_word' id='word_1_343' title='bbox 746 2396 810 2457; x_wconf 89' lang='lat' dir='ltr'><strong>sint,</strong></span> <span class='ocrx_word' id='word_1_344' title='bbox 822 2394 869 2449; x_wconf 89' lang='lat' dir='ltr'><strong>sed</strong></span> <span class='ocrx_word' id='word_1_345' title='bbox 881 2394 944 2463; x_wconf 89' lang='lat' dir='ltr'><strong>quia</strong></span> <span class='ocrx_word' id='word_1_346' title='bbox 958 2392 1063 2447; x_wconf 87' lang='lat' dir='ltr'><strong>infirmo</strong></span> <span class='ocrx_word' id='word_1_347' title='bbox 1112 2394 1226 2451; x_wconf 89' lang='lat' dir='ltr'><strong>salubris</strong></span> <span class='ocrx_word' id='word_1_348' title='bbox 1239 2393 1362 2459; x_wconf 89' lang='lat' dir='ltr'><strong>eflicitur,</strong></span> <span class='ocrx_word' id='word_1_349' title='bbox 1376 2392 1425 2450; x_wconf 91' lang='lat' dir='ltr'><strong>sed</strong></span> <span class='ocrx_word' id='word_1_350' title='bbox 1439 2393 1552 2463; x_wconf 83' lang='lat' dir='ltr'><strong>poeualls</strong></span> <span class='ocrx_word' id='word_1_351' title='bbox 1564 2410 1571 2447; x_wconf 91' lang='lat'>:</span> <span class='ocrx_word' id='word_1_352' title='bbox 1585 2408 1666 2449; x_wconf 90' lang='lat' dir='ltr'><strong>sanos</strong></span> <span class='ocrx_word' id='word_1_353' title='bbox 1685 2394 1785 2464; x_wconf 86' lang='lat' dir='ltr'><strong>quippe</strong></span> <span class='ocrx_word' id='word_1_354' title='bbox 1808 2393 1901 2448; x_wconf 87' lang='lat' dir='ltr'><strong>oculos</strong></span> 
     </span>
     <span class='ocr_line' id='line_1_25' title="bbox 277 2480 1900 2561; baseline -0.006 -15"><span class='ocrx_word' id='word_1_355' title='bbox 277 2508 331 2546; x_wconf 92' lang='lat' dir='ltr'><strong>uon</strong></span> <span class='ocrx_word' id='word_1_356' title='bbox 353 2497 513 2561; x_wconf 87' lang='lat' dir='ltr'><strong>congruunt.</strong></span> <span class='ocrx_word' id='word_1_357' title='bbox 537 2488 604 2543; x_wconf 76' lang='lat' dir='ltr'><strong>Nam</strong></span> <span class='ocrx_word' id='word_1_358' title='bbox 618 2493 824 2556; x_wconf 88' lang='lat' dir='ltr'><strong>consequenter</strong></span> <span class='ocrx_word' id='word_1_359' title='bbox 837 2499 898 2539; x_wconf 88' lang='lat' dir='ltr'><strong>curn</strong></span> <span class='ocrx_word' id='word_1_360' title='bbox 915 2497 1063 2553; x_wconf 71' lang='lat' dir='ltr'><strong>congruere</strong></span> <span class='ocrx_word' id='word_1_361' title='bbox 1111 2495 1228 2557; x_wconf 84' lang='lat' dir='ltr'><strong>vegetat,</strong></span> <span class='ocrx_word' id='word_1_362' title='bbox 1243 2487 1364 2544; x_wconf 89' lang='lat' dir='ltr'><strong>infirmos</strong></span> <span class='ocrx_word' id='word_1_363' title='bbox 1384 2488 1536 2550; x_wconf 60' lang='lat' dir='ltr'><strong>excruciem</strong></span> <span class='ocrx_word' id='word_1_364' title='bbox 1565 2487 1712 2543; x_wconf 89' lang='lat' dir='ltr'><strong>incolomes</strong></span> <span class='ocrx_word' id='word_1_365' title='bbox 1731 2485 1834 2551; x_wconf 83' lang='lat' dir='ltr'><strong>reficit,</strong></span> <span class='ocrx_word' id='word_1_366' title='bbox 1854 2480 1900 2541; x_wconf 87' lang='lat' dir='ltr'><strong>do-</strong></span> 
     </span>
     <span class='ocr_line' id='line_1_26' title="bbox 277 2570 1900 2652; baseline -0.007 -17"><span class='ocrx_word' id='word_1_367' title='bbox 277 2581 416 2652; x_wconf 72' lang='grc' dir='ltr'>ι’(ῐιιιθιίιιι,</span> <span class='ocrx_word' id='word_1_368' title='bbox 433 2587 461 2634; x_wconf 78' lang='lat' dir='ltr'><strong>ei</strong></span> <span class='ocrx_word' id='word_1_369' title='bbox 485 2577 606 2632; x_wconf 85' lang='lat' dir='ltr'><strong>nutriunt</strong></span> <span class='ocrx_word' id='word_1_370' title='bbox 632 2573 833 2639; x_wconf 77' lang='lat' dir='ltr'><strong>sollllddltienl,</strong></span> <span class='ocrx_word' id='word_1_371' title='bbox 857 2582 884 2627; x_wconf 80' lang='lat' dir='ltr'><strong>ei</strong></span> <span class='ocrx_word' id='word_1_372' title='bbox 909 2570 1063 2628; x_wconf 87' lang='lat' dir='ltr'><strong>custodiunt</strong></span> <span class='ocrx_word' id='word_1_373' title='bbox 1113 2580 1199 2636; x_wconf 64' lang='lat' dir='ltr'><strong>lentes</strong></span> <span class='ocrx_word' id='word_1_374' title='bbox 1220 2579 1354 2636; x_wconf 72' lang='lat' dir='ltr'><strong>obtundit,</strong></span> <span class='ocrx_word' id='word_1_375' title='bbox 1369 2578 1528 2635; x_wconf 73' lang='lat' dir='ltr'><strong>Eeongpggio</strong></span> <span class='ocrx_word' id='word_1_376' title='bbox 1553 2586 1642 2634; x_wconf 72' lang='lat' dir='ltr'><strong>aulem</strong></span> <span class='ocrx_word' id='word_1_377' title='bbox 1660 2577 1733 2634; x_wconf 72' lang='lat' dir='ltr'><strong>oculi</strong></span> <span class='ocrx_word' id='word_1_378' title='bbox 1754 2578 1782 2632; x_wconf 78' lang='lat' dir='ltr'><strong>in</strong></span> <span class='ocrx_word' id='word_1_379' title='bbox 1804 2577 1900 2633; x_wconf 75' lang='lat' dir='ltr'><strong>dolore</strong></span> 
     </span>
     <span class='ocr_line' id='line_1_27' title="bbox 277 2662 1900 2740; baseline -0.009 -1"><span class='ocrx_word' id='word_1_380' title='bbox 277 2674 418 2726; x_wconf 78' lang='lat' dir='ltr'><strong>sanitatem</strong></span> <span class='ocrx_word' id='word_1_381' title='bbox 435 2688 441 2723; x_wconf 80' lang='lat'><strong>²</strong></span> <span class='ocrx_word' id='word_1_382' title='bbox 468 2683 583 2739; x_wconf 67' lang='lat' dir='ltr'><strong>(limium</strong></span> <span class='ocrx_word' id='word_1_383' title='bbox 608 2675 697 2721; x_wconf 64' lang='lat' dir='ltr'><strong>limen</strong></span> <span class='ocrx_word' id='word_1_384' title='bbox 720 2663 898 2719; x_wconf 62' lang='lat' dir='ltr'><strong>ifflm⁰d0fl²³</strong></span> <span class='ocrx_word' id='word_1_385' title='bbox 925 2662 1063 2732; x_wconf 67' lang='lat' dir='ltr'><strong>l0f⁰0b¹i⁰</strong></span> <span class='ocrx_word' id='word_1_386' title='bbox 1113 2671 1192 2740; x_wconf 88' lang='lat' dir='ltr'><strong>positi</strong></span> <span class='ocrx_word' id='word_1_387' title='bbox 1207 2686 1241 2728; x_wconf 82' lang='lat' dir='ltr'><strong>ex</strong></span> <span class='ocrx_word' id='word_1_388' title='bbox 1256 2671 1375 2727; x_wconf 89' lang='lat' dir='ltr'><strong>tenebris</strong></span> <span class='ocrx_word' id='word_1_389' title='bbox 1390 2670 1505 2740; x_wconf 84' lang='lat' dir='ltr'><strong>aliquam</strong></span> <span class='ocrx_word' id='word_1_390' title='bbox 1516 2676 1718 2740; x_wconf 86' lang='lat' dir='ltr'><strong>consequuntur</strong></span> <span class='ocrx_word' id='word_1_391' title='bbox 1732 2670 1861 2739; x_wconf 86' lang='lat' dir='ltr'><strong>requiem,</strong></span> <span class='ocrx_word' id='word_1_392' title='bbox 1874 2676 1900 2724; x_wconf 92' lang='lat' dir='ltr'><strong>et</strong></span> 
     </span>
     <span class='ocr_line' id='line_1_28' title="bbox 276 2750 1899 2830; baseline -0.005 -7"><span class='ocrx_word' id='word_1_393' title='bbox 276 2766 390 2819; x_wconf 75' lang='lat' dir='ltr'><strong>nutibus</strong></span> <span class='ocrx_word' id='word_1_394' title='bbox 402 2750 527 2817; x_wconf 66' lang='lat' dir='ltr'><strong>virtulem&#39;</strong></span> <span class='ocrx_word' id='word_1_395' title='bbox 541 2759 649 2822; x_wconf 67' lang='lat' dir='ltr'><strong>adimit,</strong></span> <span class='ocrx_word' id='word_1_396' title='bbox 664 2756 726 2811; x_wconf 72' lang='lat' dir='ltr'><strong>ditm</strong></span> <span class='ocrx_word' id='word_1_397' title='bbox 747 2769 828 2825; x_wconf 68' lang='lat' dir='ltr'><strong>⁸²ll08</strong></span> <span class='ocrx_word' id='word_1_398' title='bbox 847 2753 974 2808; x_wconf 64' lang='lat' dir='ltr'><strong>infirmasi</strong></span> <span class='ocrx_word' id='word_1_399' title='bbox 989 2768 1063 2807; x_wconf 67' lang='lat'><strong>⁰⁰¹¹!-</strong></span> <span class='ocrx_word' id='word_1_400' title='bbox 1112 2762 1210 2818; x_wconf 88' lang='lat' dir='ltr'><strong>cfausis</strong></span> <span class='ocrx_word' id='word_1_401' title='bbox 1221 2761 1311 2830; x_wconf 79' lang='lat' dir='ltr'><strong>Januis</strong></span> <span class='ocrx_word' id='word_1_402' title='bbox 1323 2776 1355 2816; x_wconf 87' lang='lat' dir='ltr'><strong>ae</strong></span> <span class='ocrx_word' id='word_1_403' title='bbox 1370 2759 1494 2816; x_wconf 76' lang='lat' dir='ltr'><strong>fenestris</strong></span> <span class='ocrx_word' id='word_1_404' title='bbox 1512 2761 1633 2816; x_wconf 89' lang='lat' dir='ltr'><strong>sentiunt</strong></span> <span class='ocrx_word' id='word_1_405' title='bbox 1646 2759 1752 2830; x_wconf 87' lang='lat' dir='ltr'><strong>aliquod</strong></span> <span class='ocrx_word' id='word_1_406' title='bbox 1774 2758 1899 2815; x_wconf 85' lang='lat' dir='ltr'><strong>feramen</strong></span> 
     </span>
     <span class='ocr_line' id='line_1_29' title="bbox 230 2844 1899 2925; baseline -0.008 -17"><span class='ocrx_word' id='word_1_407' title='bbox 230 2872 235 2885; x_wconf 90' lang='grc'><strong>’</strong></span> <span class='ocrx_word' id='word_1_408' title='bbox 277 2856 359 2925; x_wconf 70' lang='lat' dir='ltr'><strong>vellii.</strong></span> <span class='ocrx_word' id='word_1_409' title='bbox 376 2853 447 2909; x_wconf 71' lang='lat' dir='ltr'><strong>Ecce</strong></span> <span class='ocrx_word' id='word_1_410' title='bbox 460 2859 590 2923; x_wconf 78' lang='lat' dir='ltr'><strong>quantum</strong></span> <span class='ocrx_word' id='word_1_411' title='bbox 604 2849 676 2903; x_wconf 66' lang='lat' dir='ltr'><strong>valet</strong></span> <span class='ocrx_word' id='word_1_412' title='bbox 686 2849 712 2902; x_wconf 91' lang='lat' dir='ltr'><strong>in</strong></span> <span class='ocrx_word' id='word_1_413' title='bbox 724 2846 770 2902; x_wconf 71' lang='lat' dir='ltr'><strong>Del</strong></span> <span class='ocrx_word' id='word_1_414' title='bbox 784 2846 915 2902; x_wconf 80' lang='lat' dir='ltr'><strong>creaturis</strong></span> <span class='ocrx_word' id='word_1_415' title='bbox 927 2844 1022 2901; x_wconf 80' lang='lat' dir='ltr'><strong>tttodtts</strong></span> <span class='ocrx_word' id='word_1_416' title='bbox 1035 2853 1062 2900; x_wconf 78' lang='lat' dir='ltr'><strong>ei</strong></span> <span class='ocrx_word' id='word_1_417' title='bbox 1114 2853 1185 2909; x_wconf 74' lang='lat' dir='ltr'><strong>illju‘g</strong></span> <span class='ocrx_word' id='word_1_418' title='bbox 1198 2853 1299 2909; x_wconf 69' lang='lat' dir='ltr'><strong>doloris</strong></span> <span class='ocrx_word' id='word_1_419' title='bbox 1312 2868 1392 2923; x_wconf 75' lang='lat' dir='ltr'><strong>quem</strong></span> <span class='ocrx_word' id='word_1_420' title='bbox 1403 2868 1436 2909; x_wconf 58' lang='grc' dir='ltr'><strong>εχ</strong></span> <span class='ocrx_word' id='word_1_421' title='bbox 1449 2853 1549 2908; x_wconf 71' lang='lat' dir='ltr'><strong>lumine</strong></span> <span class='ocrx_word' id='word_1_422' title='bbox 1561 2853 1709 2923; x_wconf 65' lang='lat' dir='ltr'><strong>patiuntur,</strong></span> <span class='ocrx_word' id='word_1_423' title='bbox 1723 2860 1751 2908; x_wconf 58' lang='grc' dir='ltr'><strong>ει</strong></span> <span class='ocrx_word' id='word_1_424' title='bbox 1762 2851 1794 2906; x_wconf 70' lang='lat' dir='ltr'><strong>gd</strong></span> <span class='ocrx_word' id='word_1_425' title='bbox 1807 2851 1899 2907; x_wconf 63' lang='lat' dir='ltr'><strong>viden.</strong></span> 
     </span>
     <span class='ocr_line' id='line_1_30' title="bbox 276 2938 1900 3016; baseline -0.01 -16"><span class='ocrx_word' id='word_1_426' title='bbox 276 2945 450 3013; x_wconf 76' lang='lat' dir='ltr'><strong>congruentia</strong></span> <span class='ocrx_word' id='word_1_427' title='bbox 461 2958 563 3008; x_wconf 88' lang='lat' dir='ltr'><strong>rerum,</strong></span> <span class='ocrx_word' id='word_1_428' title='bbox 574 2941 669 3012; x_wconf 92' lang='lat' dir='ltr'><strong>quibus</strong></span> <span class='ocrx_word' id='word_1_429' title='bbox 682 2938 871 2994; x_wconf 87' lang='lat' dir='ltr'><strong>immoderatio</strong></span> <span class='ocrx_word' id='word_1_430' title='bbox 882 2946 962 3006; x_wconf 86' lang='lat' dir='ltr'><strong>atque</strong></span> <span class='ocrx_word' id='word_1_431' title='bbox 974 2938 1063 2993; x_wconf 90' lang='lat' dir='ltr'><strong>incon·</strong></span> <span class='ocrx_word' id='word_1_432' title='bbox 1112 2945 1174 3000; x_wconf 69' lang='lat' dir='ltr'><strong>dam</strong></span> <span class='ocrx_word' id='word_1_433' title='bbox 1189 2945 1275 3002; x_wconf 64' lang='lat' dir='ltr'><strong>lucem</strong></span> <span class='ocrx_word' id='word_1_434' title='bbox 1287 2945 1402 3016; x_wconf 65' lang='lat' dir='ltr'><strong>quadam</strong></span> <span class='ocrx_word' id='word_1_435' title='bbox 1414 2946 1583 3001; x_wconf 61' lang='lat' dir='ltr'><strong>[mmmm</strong></span> <span class='ocrx_word' id='word_1_436' title='bbox 1593 2944 1765 3013; x_wconf 58' lang='lat' dir='ltr'><strong>congruentia</strong></span> <span class='ocrx_word' id='word_1_437' title='bbox 1776 2943 1900 2998; x_wconf 60' lang='lat' dir='ltr'><strong>gutring.</strong></span> 
     </span>
     <span class='ocr_line' id='line_1_31' title="bbox 276 3014 1900 3105; baseline -0.001 -14"><span class='ocrx_word' id='word_1_438' title='bbox 276 3037 397 3105; x_wconf 86' lang='lat' dir='ltr'><strong>grucntia</strong></span> <span class='ocrx_word' id='word_1_439' title='bbox 417 3034 589 3090; x_wconf 84' lang='lat' dir='ltr'><strong>inveniuntur</strong></span> <span class='ocrx_word' id='word_1_440' title='bbox 614 3047 674 3087; x_wconf 86' lang='lat' dir='ltr'><strong>esse</strong></span> <span class='ocrx_word' id='word_1_441' title='bbox 701 3029 833 3085; x_wconf 87' lang='lat' dir='ltr'><strong>contraria</strong></span> <span class='ocrx_word' id='word_1_442' title='bbox 856 3029 975 3099; x_wconf 89' lang='lat' dir='ltr'><strong>:quibus</strong></span> <span class='ocrx_word' id='word_1_443' title='bbox 997 3027 1062 3083; x_wconf 87' lang='lat' dir='ltr'><strong>dum</strong></span> <span class='ocrx_word' id='word_1_444' title='bbox 1114 3042 1166 3088; x_wconf 87' lang='lat' dir='ltr'><strong>tur.</strong></span> <span class='ocrx_word' id='word_1_445' title='bbox 1183 3032 1252 3090; x_wconf 81' lang='lat' dir='ltr'><strong>Ecce</strong></span> <span class='ocrx_word' id='word_1_446' title='bbox 1266 3034 1312 3089; x_wconf 82' lang='lat' dir='ltr'><strong>lux</strong></span> <span class='ocrx_word' id='word_1_447' title='bbox 1324 3042 1427 3104; x_wconf 91' lang='lat' dir='ltr'><strong>quanto</strong></span> <span class='ocrx_word' id='word_1_448' title='bbox 1446 3036 1533 3089; x_wconf 85' lang='lat' dir='ltr'><strong>minus</strong></span> <span class='ocrx_word' id='word_1_449' title='bbox 1555 3035 1691 3103; x_wconf 89' lang='lat' dir='ltr'><strong>congruit,</strong></span> <span class='ocrx_word' id='word_1_450' title='bbox 1716 3041 1792 3089; x_wconf 89' lang='lat' dir='ltr'><strong>tauto</strong></span> <span class='ocrx_word' id='word_1_451' title='bbox 1809 3014 1900 3105; x_wconf 35' lang='lat' dir='ltr'><strong>&#39;magis</strong></span> 
     </span>
    </p>
   </div>
   <div class='ocr_carea' id='block_1_8' title="bbox 267 3121 1902 5830">
    <p class='ocr_par' dir='ltr' id='par_1_9' title="bbox 267 3121 1902 5830">
     <span class='ocr_line' id='line_1_32' title="bbox 276 3121 1900 3203; baseline -0.006 -20"><span class='ocrx_word' id='word_1_452' title='bbox 276 3127 399 3184; x_wconf 87' lang='lat' dir='ltr'><strong>naturale</strong></span> <span class='ocrx_word' id='word_1_453' title='bbox 419 3126 525 3191; x_wconf 89' lang='lat' dir='ltr'><strong>dicitur,</strong></span> <span class='ocrx_word' id='word_1_454' title='bbox 541 3139 594 3180; x_wconf 91' lang='lat' dir='ltr'><strong>non</strong></span> <span class='ocrx_word' id='word_1_455' title='bbox 610 3123 739 3178; x_wconf 88' lang='lat' dir='ltr'><strong>naturalis</strong></span> <span class='ocrx_word' id='word_1_456' title='bbox 750 3122 860 3187; x_wconf 85' lang='lat' dir='ltr'><strong>malitia,</strong></span> <span class='ocrx_word' id='word_1_457' title='bbox 876 3122 924 3177; x_wconf 91' lang='lat' dir='ltr'><strong>sed</strong></span> <span class='ocrx_word' id='word_1_458' title='bbox 938 3121 1098 3184; x_wconf 81' lang='lat' dir='ltr'><strong>accidensc</strong></span> <span class='ocrx_word' id='word_1_459' title='bbox 1114 3132 1199 3200; x_wconf 50' lang='lat' dir='ltr'><strong>gedig</strong></span> <span class='ocrx_word' id='word_1_460' title='bbox 1214 3140 1242 3188; x_wconf 55' lang='grc' dir='ltr'><strong>ιι</strong></span> <span class='ocrx_word' id='word_1_461' title='bbox 1260 3132 1379 3188; x_wconf 62' lang='lat' dir='ltr'><strong>cenem</strong></span> <span class='ocrx_word' id='word_1_462' title='bbox 1401 3140 1502 3203; x_wconf 60' lang='lat' dir='ltr'><strong>quanm</strong></span> <span class='ocrx_word' id='word_1_463' title='bbox 1524 3133 1609 3203; x_wconf 64' lang='lat' dir='ltr'><strong>magis</strong></span> <span class='ocrx_word' id='word_1_464' title='bbox 1632 3140 1800 3202; x_wconf 88' lang='lat' dir='ltr'><strong>congmunt,</strong></span> <span class='ocrx_word' id='word_1_465' title='bbox 1826 3141 1900 3188; x_wconf 61' lang='lat' dir='ltr'><strong>gang„</strong></span> 
     </span>
     <span class='ocr_line' id='line_1_33' title="bbox 276 3213 1900 3293; baseline -0.006 -19"><span class='ocrx_word' id='word_1_466' title='bbox 276 3218 416 3274; x_wconf 86' lang='lat' dir='ltr'><strong>infirmitas</strong></span> <span class='ocrx_word' id='word_1_467' title='bbox 427 3216 571 3281; x_wconf 88' lang='lat' dir='ltr'><strong>invenitur,</strong></span> <span class='ocrx_word' id='word_1_468' title='bbox 583 3214 654 3284; x_wconf 90' lang='lat' dir='ltr'><strong>qnod</strong></span> <span class='ocrx_word' id='word_1_469' title='bbox 666 3215 692 3269; x_wconf 90' lang='lat' dir='ltr'><strong>in</strong></span> <span class='ocrx_word' id='word_1_470' title='bbox 707 3214 831 3270; x_wconf 90' lang='lat' dir='ltr'><strong>omnibus</strong></span> <span class='ocrx_word' id='word_1_471' title='bbox 842 3213 972 3269; x_wconf 90' lang='lat' dir='ltr'><strong>creaturis</strong></span> <span class='ocrx_word' id='word_1_472' title='bbox 986 3213 1064 3268; x_wconf 90' lang='lat' dir='ltr'><strong>facilc</strong></span> <span class='ocrx_word' id='word_1_473' title='bbox 1112 3222 1337 3293; x_wconf 69' lang='lat' dir='ltr'><strong>magtspmsun13</strong></span> <span class='ocrx_word' id='word_1_474' title='bbox 1353 3229 1381 3278; x_wconf 65' lang='lat' dir='ltr'><strong>et</strong></span> <span class='ocrx_word' id='word_1_475' title='bbox 1401 3223 1473 3284; x_wconf 68' lang='lat' dir='ltr'><strong>sicut</strong></span> <span class='ocrx_word' id='word_1_476' title='bbox 1491 3221 1584 3278; x_wconf 65' lang='lat' dir='ltr'><strong>oculos</strong></span> <span class='ocrx_word' id='word_1_477' title='bbox 1607 3238 1688 3279; x_wconf 54' lang='grc' dir='ltr'><strong>ωηο.</strong></span> <span class='ocrx_word' id='word_1_478' title='bbox 1706 3222 1773 3278; x_wconf 62' lang='lat' dir='ltr'><strong>tucis</strong></span> <span class='ocrx_word' id='word_1_479' title='bbox 1791 3221 1900 3292; x_wconf 55' lang='lat' dir='ltr'><strong>egjgmp</strong></span> 
     </span>
     <span class='ocr_line' id='line_1_34' title="bbox 275 3290 1900 3380; baseline 0.001 -15"><span class='ocrx_word' id='word_1_480' title='bbox 275 3309 382 3380; x_wconf 88' lang='lat' dir='ltr'><strong>reponit</strong></span> <span class='ocrx_word' id='word_1_481' title='bbox 393 3307 514 3380; x_wconf 88' lang='lat' dir='ltr'><strong>quisquis</strong></span> <span class='ocrx_word' id='word_1_482' title='bbox 528 3322 543 3362; x_wconf 90' lang='lat' dir='ltr'><strong>a</strong></span> <span class='ocrx_word' id='word_1_483' title='bbox 555 3320 660 3362; x_wconf 88' lang='lat' dir='ltr'><strong>summo</strong></span> <span class='ocrx_word' id='word_1_484' title='bbox 673 3306 744 3361; x_wconf 89' lang='lat' dir='ltr'><strong>bono</strong></span> <span class='ocrx_word' id='word_1_485' title='bbox 759 3313 849 3361; x_wconf 89' lang='lat' dir='ltr'><strong>creata</strong></span> <span class='ocrx_word' id='word_1_486' title='bbox 860 3303 932 3359; x_wconf 93' lang='lat' dir='ltr'><strong>bona</strong></span> <span class='ocrx_word' id='word_1_487' title='bbox 946 3305 985 3359; x_wconf 92' lang='lat' dir='ltr'><strong>sie</strong></span> <span class='ocrx_word' id='word_1_488' title='bbox 998 3320 1063 3359; x_wconf 88' lang='lat' dir='ltr'><strong>con·</strong></span> <span class='ocrx_word' id='word_1_489' title='bbox 1112 3290 1230 3376; x_wconf 73' lang='lat' dir='ltr'><strong>claritas,</strong></span> <span class='ocrx_word' id='word_1_490' title='bbox 1244 3309 1282 3364; x_wconf 91' lang='grc' dir='ltr'><strong>ιιι</strong></span> <span class='ocrx_word' id='word_1_491' title='bbox 1298 3309 1420 3365; x_wconf 84' lang='lat' dir='ltr'><strong>dolentes</strong></span> <span class='ocrx_word' id='word_1_492' title='bbox 1433 3310 1560 3380; x_wconf 84' lang='lat' dir='ltr'><strong>adjuvare</strong></span> <span class='ocrx_word' id='word_1_493' title='bbox 1573 3311 1745 3368; x_wconf 87' lang='lat' dir='ltr'><strong>tenebrarum</strong></span> <span class='ocrx_word' id='word_1_494' title='bbox 1759 3313 1900 3368; x_wconf 84' lang='lat' dir='ltr'><strong>consuevit</strong></span> 
     </span>
     <span class='ocr_line' id='line_1_35' title="bbox 275 3393 1899 3471; baseline -0.006 -15"><span class='ocrx_word' id='word_1_495' title='bbox 275 3403 385 3470; x_wconf 87' lang='lat' dir='ltr'><strong>siderat,</strong></span> <span class='ocrx_word' id='word_1_496' title='bbox 401 3409 430 3456; x_wconf 92' lang='lat' dir='ltr'><strong>ut</strong></span> <span class='ocrx_word' id='word_1_497' title='bbox 442 3400 469 3454; x_wconf 89' lang='lat' dir='ltr'><strong>in</strong></span> <span class='ocrx_word' id='word_1_498' title='bbox 482 3399 522 3454; x_wconf 91' lang='lat' dir='ltr'><strong>cis</strong></span> <span class='ocrx_word' id='word_1_499' title='bbox 535 3396 750 3467; x_wconf 83' lang='lat' dir='ltr'><strong>inexplicabilem</strong></span> <span class='ocrx_word' id='word_1_500' title='bbox 763 3403 845 3463; x_wconf 89' lang='lat' dir='ltr'><strong>atque</strong></span> <span class='ocrx_word' id='word_1_501' title='bbox 857 3393 1062 3449; x_wconf 86' lang='lat' dir='ltr'><strong>inenarrabilem</strong></span> <span class='ocrx_word' id='word_1_502' title='bbox 1111 3399 1278 3466; x_wconf 71' lang='lat' dir='ltr'><strong>obscuritas;</strong></span> <span class='ocrx_word' id='word_1_503' title='bbox 1288 3415 1321 3456; x_wconf 70' lang='lat' dir='ltr'><strong>ac</strong></span> <span class='ocrx_word' id='word_1_504' title='bbox 1333 3415 1383 3471; x_wconf 72' lang='lat' dir='ltr'><strong>per</strong></span> <span class='ocrx_word' id='word_1_505' title='bbox 1394 3400 1446 3455; x_wconf 76' lang='lat' dir='ltr'><strong>hnc</strong></span> <span class='ocrx_word' id='word_1_506' title='bbox 1463 3400 1528 3455; x_wconf 80' lang='lat' dir='ltr'><strong>dum</strong></span> <span class='ocrx_word' id='word_1_507' title='bbox 1541 3413 1659 3468; x_wconf 71' lang='lat' dir='ltr'><strong>congrue</strong></span> <span class='ocrx_word' id='word_1_508' title='bbox 1672 3409 1816 3470; x_wconf 65' lang='lat' dir='ltr'><strong>unumque</strong></span> <span class='ocrx_word' id='word_1_509' title='bbox 1829 3401 1899 3456; x_wconf 67' lang='lat'>2001-</span> 
     </span>
     <span class='ocr_line' id='line_1_36' title="bbox 275 3484 1900 3560; baseline -0.001 -15"><span class='ocrx_word' id='word_1_510' title='bbox 275 3490 380 3547; x_wconf 90' lang='lat' dir='ltr'><strong>laudem</strong></span> <span class='ocrx_word' id='word_1_511' title='bbox 394 3489 530 3546; x_wconf 79' lang='lat' dir='ltr'><strong>Creatoris</strong></span> <span class='ocrx_word' id='word_1_512' title='bbox 544 3495 688 3556; x_wconf 88' lang='lat' dir='ltr'><strong>agnoscat;</strong></span> <span class='ocrx_word' id='word_1_513' title='bbox 702 3485 782 3556; x_wconf 69' lang='lat'><strong>1023</strong></span> <span class='ocrx_word' id='word_1_514' title='bbox 795 3499 826 3539; x_wconf 87' lang='lat' dir='ltr'><strong>ac</strong></span> <span class='ocrx_word' id='word_1_515' title='bbox 840 3498 889 3554; x_wconf 87' lang='lat' dir='ltr'><strong>pet·</strong></span> <span class='ocrx_word' id='word_1_516' title='bbox 902 3484 955 3539; x_wconf 93' lang='lat' dir='ltr'><strong>boc</strong></span> <span class='ocrx_word' id='word_1_517' title='bbox 963 3484 998 3539; x_wconf 93' lang='lat' dir='ltr'><strong>sit</strong></span> <span class='ocrx_word' id='word_1_518' title='bbox 1006 3485 1063 3554; x_wconf 85' lang='lat' dir='ltr'><strong>ipsc</strong></span> <span class='ocrx_word' id='word_1_519' title='bbox 1111 3490 1196 3559; x_wconf 89' lang='lat' dir='ltr'><strong>pitur,</strong></span> <span class='ocrx_word' id='word_1_520' title='bbox 1211 3490 1277 3546; x_wconf 92' lang='lat' dir='ltr'><strong>lucis</strong></span> <span class='ocrx_word' id='word_1_521' title='bbox 1291 3505 1323 3546; x_wconf 90' lang='lat' dir='ltr'><strong>ac</strong></span> <span class='ocrx_word' id='word_1_522' title='bbox 1336 3491 1506 3546; x_wconf 77' lang='lat' dir='ltr'><strong>testebrarunn</strong></span> <span class='ocrx_word' id='word_1_523' title='bbox 1517 3489 1627 3546; x_wconf 88' lang='lat' dir='ltr'><strong>effectus</strong></span> <span class='ocrx_word' id='word_1_524' title='bbox 1638 3491 1665 3545; x_wconf 94' lang='lat' dir='ltr'><strong>in</strong></span> <span class='ocrx_word' id='word_1_525' title='bbox 1677 3490 1803 3560; x_wconf 81' lang='lat' dir='ltr'><strong>jurandis</strong></span> <span class='ocrx_word' id='word_1_526' title='bbox 1814 3490 1900 3547; x_wconf 87' lang='lat' dir='ltr'><strong>oculis</strong></span> 
     </span>
     <span class='ocr_line' id='line_1_37' title="bbox 274 3574 1899 3653; baseline 0.001 -20"><span class='ocrx_word' id='word_1_527' title='bbox 274 3598 329 3653; x_wconf 79' lang='lat' dir='ltr'><strong>prae</strong></span> <span class='ocrx_word' id='word_1_528' title='bbox 343 3581 468 3638; x_wconf 82' lang='lat' dir='ltr'><strong>omnibns</strong></span> <span class='ocrx_word' id='word_1_529' title='bbox 481 3578 639 3649; x_wconf 72' lang='lat' dir='ltr'><strong>diligentur,</strong></span> <span class='ocrx_word' id='word_1_530' title='bbox 646 3576 699 3647; x_wconf 83' lang='lat' dir='ltr'><strong>‘qui</strong></span> <span class='ocrx_word' id='word_1_531' title='bbox 719 3577 800 3631; x_wconf 88' lang='lat' dir='ltr'><strong>etiam</strong></span> <span class='ocrx_word' id='word_1_532' title='bbox 819 3574 847 3631; x_wconf 92' lang='lat' dir='ltr'><strong>in</strong></span> <span class='ocrx_word' id='word_1_533' title='bbox 871 3575 914 3631; x_wconf 91' lang='lat' dir='ltr'><strong>bis</strong></span> <span class='ocrx_word' id='word_1_534' title='bbox 926 3591 986 3646; x_wconf 79' lang='lat' dir='ltr'><strong>quc</strong></span> <span class='ocrx_word' id='word_1_535' title='bbox 1004 3591 1063 3646; x_wconf 83' lang='lat' dir='ltr'><strong>poe·</strong></span> <span class='ocrx_word' id='word_1_536' title='bbox 1111 3581 1255 3637; x_wconf 87' lang='lat' dir='ltr'><strong>invenitur.</strong></span> <span class='ocrx_word' id='word_1_537' title='bbox 1269 3579 1348 3638; x_wconf 86' lang='lat' dir='ltr'><strong>Sicut</strong></span> <span class='ocrx_word' id='word_1_538' title='bbox 1359 3580 1431 3635; x_wconf 90' lang='lat' dir='ltr'><strong>euim</strong></span> <span class='ocrx_word' id='word_1_539' title='bbox 1446 3578 1763 3652; x_wconf 65' lang='lat' dir='ltr'><strong>lumincijuvantut</strong></span> <span class='ocrx_word' id='word_1_540' title='bbox 1779 3583 1849 3645; x_wconf 85' lang='grc' dir='ltr'>ιιιιι,</span> <span class='ocrx_word' id='word_1_541' title='bbox 1862 3578 1899 3635; x_wconf 92' lang='lat' dir='ltr'><strong>sic</strong></span> 
     </span>
     <span class='ocr_line' id='line_1_38' title="bbox 274 3667 1899 3746; baseline -0.002 -16"><span class='ocrx_word' id='word_1_542' title='bbox 274 3675 346 3730; x_wconf 91' lang='lat' dir='ltr'><strong>nalia</strong></span> <span class='ocrx_word' id='word_1_543' title='bbox 359 3688 409 3746; x_wconf 92' lang='lat' dir='ltr'><strong>pro</strong></span> <span class='ocrx_word' id='word_1_544' title='bbox 432 3680 523 3728; x_wconf 89' lang='lat' dir='ltr'><strong>nostra</strong></span> <span class='ocrx_word' id='word_1_545' title='bbox 539 3671 679 3740; x_wconf 89' lang='lat' dir='ltr'><strong>iniquitate</strong></span> <span class='ocrx_word' id='word_1_546' title='bbox 701 3667 831 3724; x_wconf 89' lang='lat' dir='ltr'><strong>scutimus</strong></span> <span class='ocrx_word' id='word_1_547' title='bbox 858 3675 886 3723; x_wconf 91' lang='lat' dir='ltr'><strong>et</strong></span> <span class='ocrx_word' id='word_1_548' title='bbox 909 3668 1063 3727; x_wconf 83' lang='lat' dir='ltr'><strong>misericors</strong></span> <span class='ocrx_word' id='word_1_549' title='bbox 1112 3672 1230 3729; x_wconf 82' lang='lat' dir='ltr'><strong>tenebris</strong></span> <span class='ocrx_word' id='word_1_550' title='bbox 1248 3671 1404 3728; x_wconf 83' lang='lat' dir='ltr'><strong>reficiuntur</strong></span> <span class='ocrx_word' id='word_1_551' title='bbox 1427 3672 1535 3726; x_wconf 90' lang='lat' dir='ltr'><strong>infirmi.</strong></span> <span class='ocrx_word' id='word_1_552' title='bbox 1564 3670 1630 3725; x_wconf 82' lang='lat' dir='ltr'><strong>llam</strong></span> <span class='ocrx_word' id='word_1_553' title='bbox 1658 3672 1769 3726; x_wconf 85' lang='lat' dir='ltr'><strong>etcum</strong></span> <span class='ocrx_word' id='word_1_554' title='bbox 1797 3672 1899 3741; x_wconf 87' lang='lat' dir='ltr'><strong>fatigati</strong></span> 
     </span>
     <span class='ocr_line' id='line_1_39' title="bbox 274 3755 1896 3832; baseline -0.004 -10"><span class='ocrx_word' id='word_1_555' title='bbox 274 3765 409 3822; x_wconf 88' lang='lat' dir='ltr'><strong>invenitur</strong></span> <span class='ocrx_word' id='word_1_556' title='bbox 421 3770 449 3818; x_wconf 92' lang='lat' dir='ltr'><strong>et</strong></span> <span class='ocrx_word' id='word_1_557' title='bbox 455 3762 555 3832; x_wconf 84' lang='lat' dir='ltr'><strong>justus,</strong></span> <span class='ocrx_word' id='word_1_558' title='bbox 570 3760 633 3815; x_wconf 93' lang='lat' dir='ltr'><strong>dum</strong></span> <span class='ocrx_word' id='word_1_559' title='bbox 644 3759 706 3814; x_wconf 90' lang='lat' dir='ltr'><strong>inde</strong></span> <span class='ocrx_word' id='word_1_560' title='bbox 720 3759 843 3814; x_wconf 81' lang='lat' dir='ltr'><strong>subleuat</strong></span> <span class='ocrx_word' id='word_1_561' title='bbox 857 3755 973 3828; x_wconf 76' lang='lat' dir='ltr'><strong>fragiles,</strong></span> <span class='ocrx_word' id='word_1_562' title='bbox 990 3758 1062 3815; x_wconf 91' lang='lat' dir='ltr'><strong>uude</strong></span> <span class='ocrx_word' id='word_1_563' title='bbox 1110 3764 1272 3819; x_wconf 87' lang='lat' dir='ltr'><strong>clauduntur</strong></span> <span class='ocrx_word' id='word_1_564' title='bbox 1285 3763 1312 3818; x_wconf 94' lang='lat' dir='ltr'><strong>in</strong></span> <span class='ocrx_word' id='word_1_565' title='bbox 1323 3777 1457 3828; x_wconf 88' lang='lat' dir='ltr'><strong>somnum,</strong></span> <span class='ocrx_word' id='word_1_566' title='bbox 1472 3760 1670 3832; x_wconf 87' lang='lat' dir='ltr'><strong>quodammodo</strong></span> <span class='ocrx_word' id='word_1_567' title='bbox 1688 3762 1806 3816; x_wconf 89' lang='lat' dir='ltr'><strong>tenebris</strong></span> <span class='ocrx_word' id='word_1_568' title='bbox 1820 3763 1896 3832; x_wconf 78' lang='lat' dir='ltr'><strong>adju·</strong></span> 
     </span>
     <span class='ocr_line' id='line_1_40' title="bbox 274 3846 1898 3925; baseline 0.004 -22"><span class='ocrx_word' id='word_1_569' title='bbox 274 3853 427 3925; x_wconf 74' lang='lat' dir='ltr'><strong>comprimit</strong></span> <span class='ocrx_word' id='word_1_570' title='bbox 440 3860 625 3916; x_wconf 59' lang='lat' dir='ltr'><strong>contumacem</strong></span> <span class='ocrx_word' id='word_1_571' title='bbox 640 3857 668 3903; x_wconf 89' lang='lat' dir='ltr'><strong>et</strong></span> <span class='ocrx_word' id='word_1_572' title='bbox 681 3849 743 3918; x_wconf 89' lang='lat' dir='ltr'><strong>quia</strong></span> <span class='ocrx_word' id='word_1_573' title='bbox 758 3846 926 3918; x_wconf 84' lang='lat' dir='ltr'><strong>praecedente</strong></span> <span class='ocrx_word' id='word_1_574' title='bbox 935 3849 1060 3918; x_wconf 90' lang='lat' dir='ltr'><strong>superbia</strong></span> <span class='ocrx_word' id='word_1_575' title='bbox 1109 3863 1208 3911; x_wconf 90' lang='lat' dir='ltr'><strong>vautur</strong></span> <span class='ocrx_word' id='word_1_576' title='bbox 1221 3862 1250 3909; x_wconf 90' lang='lat' dir='ltr'><strong>ut</strong></span> <span class='ocrx_word' id='word_1_577' title='bbox 1263 3853 1384 3910; x_wconf 77' lang='lat' dir='ltr'><strong>videndae</strong></span> <span class='ocrx_word' id='word_1_578' title='bbox 1408 3853 1460 3909; x_wconf 92' lang='lat' dir='ltr'><strong>luci</strong></span> <span class='ocrx_word' id='word_1_579' title='bbox 1473 3853 1563 3909; x_wconf 89' lang='lat' dir='ltr'><strong>denuo</strong></span> <span class='ocrx_word' id='word_1_580' title='bbox 1586 3852 1668 3907; x_wconf 90' lang='lat' dir='ltr'><strong>validi</strong></span> <span class='ocrx_word' id='word_1_581' title='bbox 1682 3851 1822 3922; x_wconf 89' lang='lat' dir='ltr'><strong>fortesque</strong></span> <span class='ocrx_word' id='word_1_582' title='bbox 1837 3856 1898 3909; x_wconf 89' lang='lat' dir='ltr'><strong>red-</strong></span> 
     </span>
     <span class='ocr_line' id='line_1_41' title="bbox 275 3938 1898 4021; baseline -0.002 -20"><span class='ocrx_word' id='word_1_583' title='bbox 275 3945 402 4001; x_wconf 88' lang='lat' dir='ltr'><strong>continuo</strong></span> <span class='ocrx_word' id='word_1_584' title='bbox 412 3944 490 4000; x_wconf 86' lang='lat' dir='ltr'><strong>estin</strong></span> <span class='ocrx_word' id='word_1_585' title='bbox 502 3941 767 3997; x_wconf 81' lang='lat' dir='ltr'><strong>liomineconsecuta</strong></span> <span class='ocrx_word' id='word_1_586' title='bbox 780 3938 898 4003; x_wconf 82' lang='lat' dir='ltr'><strong>miseria,</strong></span> <span class='ocrx_word' id='word_1_587' title='bbox 909 3938 1061 3995; x_wconf 87' lang='lat' dir='ltr'><strong>misericors</strong></span> <span class='ocrx_word' id='word_1_588' title='bbox 1109 3942 1216 4001; x_wconf 89' lang='lat' dir='ltr'><strong>dantur.</strong></span> <span class='ocrx_word' id='word_1_589' title='bbox 1232 3943 1298 4001; x_wconf 84' lang='lat' dir='ltr'><strong>Tale</strong></span> <span class='ocrx_word' id='word_1_590' title='bbox 1317 3952 1359 4000; x_wconf 91' lang='lat' dir='ltr'><strong>est</strong></span> <span class='ocrx_word' id='word_1_591' title='bbox 1376 3952 1468 3999; x_wconf 84' lang='grc' dir='ltr'>ιιιιιιιι</span> <span class='ocrx_word' id='word_1_592' title='bbox 1483 3943 1567 4000; x_wconf 91' lang='lat' dir='ltr'><strong>oculis</strong></span> <span class='ocrx_word' id='word_1_593' title='bbox 1582 3943 1694 3999; x_wconf 89' lang='lat' dir='ltr'><strong>infirmis</strong></span> <span class='ocrx_word' id='word_1_594' title='bbox 1707 3958 1740 3999; x_wconf 84' lang='lat' dir='ltr'><strong>ac</strong></span> <span class='ocrx_word' id='word_1_595' title='bbox 1751 3943 1898 4021; x_wconf 86' lang='lat' dir='ltr'><strong>fatigatisa</strong></span> 
     </span>
     <span class='ocr_line' id='line_1_42' title="bbox 274 4030 1899 4106; baseline -0.005 -9"><span class='ocrx_word' id='word_1_596' title='bbox 274 4036 404 4091; x_wconf 70' lang='lat' dir='ltr'><strong>Dominus</strong></span> <span class='ocrx_word' id='word_1_597' title='bbox 416 4034 552 4104; x_wconf 72' lang='lat' dir='ltr'><strong>mlestus,</strong></span> <span class='ocrx_word' id='word_1_598' title='bbox 566 4033 637 4088; x_wconf 66' lang='lat' dir='ltr'><strong>unde</strong></span> <span class='ocrx_word' id='word_1_599' title='bbox 650 4031 783 4102; x_wconf 76' lang='lat' dir='ltr'><strong>superata</strong></span> <span class='ocrx_word' id='word_1_600' title='bbox 807 4030 913 4100; x_wconf 90' lang='lat' dir='ltr'><strong>pondus</strong></span> <span class='ocrx_word' id='word_1_601' title='bbox 934 4031 1059 4102; x_wconf 85' lang='lat' dir='ltr'><strong>imponit,</strong></span> <span class='ocrx_word' id='word_1_602' title='bbox 1109 4035 1182 4092; x_wconf 91' lang='lat' dir='ltr'><strong>bouo</strong></span> <span class='ocrx_word' id='word_1_603' title='bbox 1207 4035 1309 4090; x_wconf 88' lang='lat' dir='ltr'><strong>lumine</strong></span> <span class='ocrx_word' id='word_1_604' title='bbox 1321 4049 1370 4106; x_wconf 93' lang='lat' dir='ltr'><strong>pro</strong></span> <span class='ocrx_word' id='word_1_605' title='bbox 1385 4035 1533 4106; x_wconf 88' lang='lat' dir='ltr'><strong>reparanda</strong></span> <span class='ocrx_word' id='word_1_606' title='bbox 1547 4033 1632 4090; x_wconf 86' lang='lat' dir='ltr'><strong>salute</strong></span> <span class='ocrx_word' id='word_1_607' title='bbox 1641 4049 1674 4089; x_wconf 93' lang='lat' dir='ltr'><strong>ac</strong></span> <span class='ocrx_word' id='word_1_608' title='bbox 1686 4032 1843 4101; x_wconf 81' lang='lat' dir='ltr'><strong>fortitudine</strong></span> <span class='ocrx_word' id='word_1_609' title='bbox 1855 4049 1899 4089; x_wconf 83' lang='lat' dir='ltr'><strong>re·</strong></span> 
     </span>
     <span class='ocr_line' id='line_1_43' title="bbox 275 4123 1898 4198; baseline -0.001 -18"><span class='ocrx_word' id='word_1_610' title='bbox 275 4126 337 4181; x_wconf 91' lang='lat' dir='ltr'><strong>iude</strong></span> <span class='ocrx_word' id='word_1_611' title='bbox 351 4124 540 4182; x_wconf 86' lang='lat' dir='ltr'><strong>misericordiae</strong></span> <span class='ocrx_word' id='word_1_612' title='bbox 553 4124 674 4179; x_wconf 89' lang='lat' dir='ltr'><strong>levamen</strong></span> <span class='ocrx_word' id='word_1_613' title='bbox 685 4123 805 4193; x_wconf 75' lang='lat' dir='ltr'><strong>apponit·</strong></span> <span class='ocrx_word' id='word_1_614' title='bbox 1110 4128 1222 4195; x_wconf 83' lang='lat' dir='ltr'><strong>trruveri,</strong></span> <span class='ocrx_word' id='word_1_615' title='bbox 1233 4127 1314 4198; x_wconf 89' lang='lat' dir='ltr'><strong>quale</strong></span> <span class='ocrx_word' id='word_1_616' title='bbox 1327 4136 1369 4183; x_wconf 87' lang='lat' dir='ltr'><strong>est</strong></span> <span class='ocrx_word' id='word_1_617' title='bbox 1378 4134 1437 4183; x_wconf 88' lang='lat' dir='ltr'><strong>toto</strong></span> <span class='ocrx_word' id='word_1_618' title='bbox 1450 4126 1568 4198; x_wconf 90' lang='lat' dir='ltr'><strong>corpori,</strong></span> <span class='ocrx_word' id='word_1_619' title='bbox 1579 4125 1602 4181; x_wconf 91' lang='lat' dir='ltr'><strong>si</strong></span> <span class='ocrx_word' id='word_1_620' title='bbox 1616 4125 1723 4196; x_wconf 91' lang='lat' dir='ltr'><strong>quando</strong></span> <span class='ocrx_word' id='word_1_621' title='bbox 1735 4124 1898 4192; x_wconf 87' lang='lat' dir='ltr'><strong>infirmatur,</strong></span> 
     </span>
     <span class='ocr_line' id='line_1_44' title="bbox 309 4212 1898 4286; baseline -0.005 -12"><span class='ocrx_word' id='word_1_622' title='bbox 309 4219 353 4274; x_wconf 71' lang='grc' dir='ltr'><strong>δι.</strong></span> <span class='ocrx_word' id='word_1_623' title='bbox 368 4219 557 4274; x_wconf 84' lang='lat' dir='ltr'><strong>Verumtamen</strong></span> <span class='ocrx_word' id='word_1_624' title='bbox 571 4217 691 4286; x_wconf 90' lang='lat' dir='ltr'><strong>quisquis</strong></span> <span class='ocrx_word' id='word_1_625' title='bbox 709 4225 750 4277; x_wconf 86' lang='lat' dir='ltr'><strong>est</strong></span> <span class='ocrx_word' id='word_1_626' title='bbox 771 4216 896 4273; x_wconf 65' lang='lat' dir='ltr'><strong>Ecclesiae</strong></span> <span class='ocrx_word' id='word_1_627' title='bbox 918 4217 988 4273; x_wconf 88' lang='lat' dir='ltr'><strong>filius</strong></span> <span class='ocrx_word' id='word_1_628' title='bbox 1001 4217 1057 4286; x_wconf 90' lang='lat' dir='ltr'><strong>qui,</strong></span> <span class='ocrx_word' id='word_1_629' title='bbox 1109 4224 1266 4272; x_wconf 89' lang='lat' dir='ltr'><strong>acousucta</strong></span> <span class='ocrx_word' id='word_1_630' title='bbox 1277 4214 1399 4271; x_wconf 90' lang='lat' dir='ltr'><strong>ciborum</strong></span> <span class='ocrx_word' id='word_1_631' title='bbox 1423 4214 1598 4284; x_wconf 82' lang='lat' dir='ltr'><strong>perceptione</strong></span> <span class='ocrx_word' id='word_1_632' title='bbox 1616 4212 1766 4282; x_wconf 89' lang='lat' dir='ltr'><strong>suspendi:</strong></span> <span class='ocrx_word' id='word_1_633' title='bbox 1783 4212 1830 4285; x_wconf 90' lang='lat' dir='ltr'><strong>qui</strong></span> <span class='ocrx_word' id='word_1_634' title='bbox 1843 4228 1898 4267; x_wconf 94' lang='lat' dir='ltr'><strong>nou</strong></span> 
     </span>
     <span class='ocr_line' id='line_1_45' title="bbox 273 4302 1899 4380; baseline -0.004 -15"><span class='ocrx_word' id='word_1_635' title='bbox 273 4320 303 4366; x_wconf 93' lang='lat' dir='ltr'><strong>ut</strong></span> <span class='ocrx_word' id='word_1_636' title='bbox 316 4310 391 4375; x_wconf 91' lang='lat' dir='ltr'><strong>dicis,</strong></span> <span class='ocrx_word' id='word_1_637' title='bbox 406 4310 451 4364; x_wconf 93' lang='lat' dir='ltr'><strong>llla</strong></span> <span class='ocrx_word' id='word_1_638' title='bbox 466 4308 614 4380; x_wconf 87' lang='lat' dir='ltr'><strong>proposuit,</strong></span> <span class='ocrx_word' id='word_1_639' title='bbox 629 4323 752 4364; x_wconf 87' lang='lat' dir='ltr'><strong>asserens</strong></span> <span class='ocrx_word' id='word_1_640' title='bbox 766 4324 880 4372; x_wconf 89' lang='lat' dir='ltr'><strong>muscas,</strong></span> <span class='ocrx_word' id='word_1_641' title='bbox 891 4310 1057 4379; x_wconf 89' lang='lat' dir='ltr'><strong>scorpiones,</strong></span> <span class='ocrx_word' id='word_1_642' title='bbox 1109 4314 1251 4378; x_wconf 88' lang='lat' dir='ltr'><strong>propterca</strong></span> <span class='ocrx_word' id='word_1_643' title='bbox 1262 4305 1391 4362; x_wconf 90' lang='lat' dir='ltr'><strong>contrarii</strong></span> <span class='ocrx_word' id='word_1_644' title='bbox 1402 4313 1465 4361; x_wconf 85' lang='lat' dir='ltr'><strong>sum</strong></span> <span class='ocrx_word' id='word_1_645' title='bbox 1489 4302 1600 4360; x_wconf 80' lang='lat' dir='ltr'><strong>infirmis</strong></span> <span class='ocrx_word' id='word_1_646' title='bbox 1614 4311 1641 4357; x_wconf 87' lang='lat' dir='ltr'><strong>ct</strong></span> <span class='ocrx_word' id='word_1_647' title='bbox 1655 4303 1728 4358; x_wconf 80' lang='lat' dir='ltr'><strong>noxii</strong></span> <span class='ocrx_word' id='word_1_648' title='bbox 1742 4304 1804 4373; x_wconf 86' lang='lat' dir='ltr'><strong>quia</strong></span> <span class='ocrx_word' id='word_1_649' title='bbox 1819 4312 1899 4359; x_wconf 86' lang='lat' dir='ltr'><strong>nata-</strong></span> 
     </span>
     <span class='ocr_line' id='line_1_46' title="bbox 272 4384 1899 4471; baseline -0.005 -15"><span class='ocrx_word' id='word_1_650' title='bbox 272 4402 374 4471; x_wconf 90' lang='lat' dir='ltr'><strong>puliccs</strong></span> <span class='ocrx_word' id='word_1_651' title='bbox 387 4408 415 4455; x_wconf 91' lang='lat' dir='ltr'><strong>et</strong></span> <span class='ocrx_word' id='word_1_652' title='bbox 428 4400 553 4468; x_wconf 91' lang='lat' dir='ltr'><strong>cimices,</strong></span> <span class='ocrx_word' id='word_1_653' title='bbox 575 4414 628 4453; x_wconf 90' lang='lat' dir='ltr'><strong>nou</strong></span> <span class='ocrx_word' id='word_1_654' title='bbox 644 4414 658 4452; x_wconf 92' lang='lat' dir='ltr'><strong>a</strong></span> <span class='ocrx_word' id='word_1_655' title='bbox 673 4398 742 4463; x_wconf 85' lang='lat' dir='ltr'><strong>beo,</strong></span> <span class='ocrx_word' id='word_1_656' title='bbox 766 4399 840 4454; x_wconf 88' lang='lat' dir='ltr'><strong>seda</strong></span> <span class='ocrx_word' id='word_1_657' title='bbox 855 4399 962 4454; x_wconf 92' lang='lat' dir='ltr'><strong>diabolo</strong></span> <span class='ocrx_word' id='word_1_658' title='bbox 976 4398 1056 4462; x_wconf 86' lang='lat' dir='ltr'><strong>facta,</strong></span> <span class='ocrx_word' id='word_1_659' title='bbox 1108 4399 1200 4454; x_wconf 89' lang='lat' dir='ltr'><strong>ralitcr</strong></span> <span class='ocrx_word' id='word_1_660' title='bbox 1211 4397 1274 4453; x_wconf 89' lang='lat' dir='ltr'><strong>mali</strong></span> <span class='ocrx_word' id='word_1_661' title='bbox 1288 4394 1416 4465; x_wconf 85' lang='lat' dir='ltr'><strong>sunt,sed</strong></span> <span class='ocrx_word' id='word_1_662' title='bbox 1426 4395 1488 4465; x_wconf 91' lang='lat' dir='ltr'><strong>quia</strong></span> <span class='ocrx_word' id='word_1_663' title='bbox 1502 4409 1595 4450; x_wconf 89' lang='lat' dir='ltr'><strong>eorum</strong></span> <span class='ocrx_word' id='word_1_664' title='bbox 1609 4390 1757 4448; x_wconf 89' lang='lat' dir='ltr'><strong>infirmitati</strong></span> <span class='ocrx_word' id='word_1_665' title='bbox 1771 4408 1826 4448; x_wconf 91' lang='lat' dir='ltr'><strong>non</strong></span> <span class='ocrx_word' id='word_1_666' title='bbox 1836 4384 1899 4448; x_wconf 65' lang='lat' dir='ltr'><strong>conss</strong></span> 
     </span>
     <span class='ocr_line' id='line_1_47' title="bbox 272 4476 1899 4560; baseline -0.004 -14"><span class='ocrx_word' id='word_1_667' title='bbox 272 4490 404 4547; x_wconf 88' lang='lat' dir='ltr'><strong>cautelam</strong></span> <span class='ocrx_word' id='word_1_668' title='bbox 427 4498 504 4560; x_wconf 90' lang='lat' dir='ltr'><strong>gerat</strong></span> <span class='ocrx_word' id='word_1_669' title='bbox 517 4504 551 4544; x_wconf 90' lang='lat' dir='ltr'><strong>ne</strong></span> <span class='ocrx_word' id='word_1_670' title='bbox 565 4487 772 4543; x_wconf 79' lang='lat' dir='ltr'><strong>llanicbaorum</strong></span> <span class='ocrx_word' id='word_1_671' title='bbox 793 4488 930 4544; x_wconf 89' lang='lat' dir='ltr'><strong>mortifera</strong></span> <span class='ocrx_word' id='word_1_672' title='bbox 949 4488 1059 4544; x_wconf 90' lang='lat' dir='ltr'><strong>fallatur</strong></span> <span class='ocrx_word' id='word_1_673' title='bbox 1073 4476 1096 4536; x_wconf 78' lang='lat' dir='ltr'>D</span> <span class='ocrx_word' id='word_1_674' title='bbox 1108 4498 1207 4560; x_wconf 83' lang='lat' dir='ltr'><strong>gruum</strong></span> <span class='ocrx_word' id='word_1_675' title='bbox 1220 4508 1227 4544; x_wconf 76' lang='grc' dir='ltr'><strong>ι</strong></span> <span class='ocrx_word' id='word_1_676' title='bbox 1240 4505 1293 4545; x_wconf 91' lang='lat' dir='ltr'><strong>non</strong></span> <span class='ocrx_word' id='word_1_677' title='bbox 1308 4489 1380 4545; x_wconf 90' lang='lat' dir='ltr'><strong>enim</strong></span> <span class='ocrx_word' id='word_1_678' title='bbox 1394 4488 1485 4542; x_wconf 85' lang='lat' dir='ltr'><strong>omnia</strong></span> <span class='ocrx_word' id='word_1_679' title='bbox 1495 4501 1555 4556; x_wconf 78' lang='lat' dir='ltr'><strong>quae</strong></span> <span class='ocrx_word' id='word_1_680' title='bbox 1568 4486 1639 4556; x_wconf 90' lang='lat' dir='ltr'><strong>capit</strong></span> <span class='ocrx_word' id='word_1_681' title='bbox 1649 4484 1750 4541; x_wconf 90' lang='lat' dir='ltr'><strong>sanitas</strong></span> <span class='ocrx_word' id='word_1_682' title='bbox 1763 4492 1899 4540; x_wconf 87' lang='lat' dir='ltr'><strong>sustentat</strong></span> 
     </span>
     <span class='ocr_line' id='line_1_48' title="bbox 271 4574 1900 4653; baseline -0.004 -16"><span class='ocrx_word' id='word_1_683' title='bbox 271 4596 303 4637; x_wconf 93' lang='lat' dir='ltr'><strong>ac</strong></span> <span class='ocrx_word' id='word_1_684' title='bbox 316 4581 466 4653; x_wconf 86' lang='lat' dir='ltr'><strong>decipiatur</strong></span> <span class='ocrx_word' id='word_1_685' title='bbox 479 4579 588 4646; x_wconf 90' lang='lat' dir='ltr'><strong>astutia,</strong></span> <span class='ocrx_word' id='word_1_686' title='bbox 602 4578 648 4648; x_wconf 92' lang='lat' dir='ltr'><strong>qni</strong></span> <span class='ocrx_word' id='word_1_687' title='bbox 661 4580 740 4634; x_wconf 84' lang='lat' dir='ltr'><strong>deum</strong></span> <span class='ocrx_word' id='word_1_688' title='bbox 752 4578 829 4641; x_wconf 91' lang='lat' dir='ltr'><strong>lucis,</strong></span> <span class='ocrx_word' id='word_1_689' title='bbox 841 4587 869 4632; x_wconf 88' lang='lat' dir='ltr'><strong>ct</strong></span> <span class='ocrx_word' id='word_1_690' title='bbox 884 4578 963 4633; x_wconf 91' lang='lat' dir='ltr'><strong>deum</strong></span> <span class='ocrx_word' id='word_1_691' title='bbox 979 4586 1056 4634; x_wconf 87' lang='lat' dir='ltr'><strong>tene-</strong></span> <span class='ocrx_word' id='word_1_692' title='bbox 1110 4580 1263 4639; x_wconf 84' lang='lat' dir='ltr'><strong>infirmitas.</strong></span> <span class='ocrx_word' id='word_1_693' title='bbox 1274 4576 1351 4634; x_wconf 89' lang='lat' dir='ltr'><strong>Unde</strong></span> <span class='ocrx_word' id='word_1_694' title='bbox 1361 4591 1551 4648; x_wconf 88' lang='lat' dir='ltr'><strong>nonnunquam</strong></span> <span class='ocrx_word' id='word_1_695' title='bbox 1562 4577 1590 4632; x_wconf 91' lang='lat' dir='ltr'><strong>in</strong></span> <span class='ocrx_word' id='word_1_696' title='bbox 1603 4575 1698 4630; x_wconf 88' lang='lat' dir='ltr'><strong>iisdem</strong></span> <span class='ocrx_word' id='word_1_697' title='bbox 1707 4574 1788 4630; x_wconf 88' lang='lat' dir='ltr'><strong>rebus</strong></span> <span class='ocrx_word' id='word_1_698' title='bbox 1800 4575 1900 4646; x_wconf 89' lang='lat' dir='ltr'><strong>quibus</strong></span> 
     </span>
     <span class='ocr_line' id='line_1_49' title="bbox 270 4666 1900 4742; baseline -0.004 -14"><span class='ocrx_word' id='word_1_699' title='bbox 270 4673 389 4738; x_wconf 82' lang='lat' dir='ltr'><strong>brorum,</strong></span> <span class='ocrx_word' id='word_1_700' title='bbox 404 4672 454 4742; x_wconf 90' lang='lat' dir='ltr'><strong>ipsi</strong></span> <span class='ocrx_word' id='word_1_701' title='bbox 473 4671 500 4726; x_wconf 91' lang='lat' dir='ltr'><strong>in</strong></span> <span class='ocrx_word' id='word_1_702' title='bbox 511 4670 628 4726; x_wconf 88' lang='lat' dir='ltr'><strong>tenebris</strong></span> <span class='ocrx_word' id='word_1_703' title='bbox 637 4669 774 4735; x_wconf 85' lang='lat' dir='ltr'><strong>constituti</strong></span> <span class='ocrx_word' id='word_1_704' title='bbox 789 4669 909 4724; x_wconf 90' lang='lat' dir='ltr'><strong>nituntur</strong></span> <span class='ocrx_word' id='word_1_705' title='bbox 919 4669 1054 4737; x_wconf 89' lang='lat' dir='ltr'><strong>iuducere,</strong></span> <span class='ocrx_word' id='word_1_706' title='bbox 1110 4686 1203 4729; x_wconf 89' lang='lat' dir='ltr'><strong>sanum</strong></span> <span class='ocrx_word' id='word_1_707' title='bbox 1218 4686 1317 4742; x_wconf 89' lang='lat' dir='ltr'><strong>corpus</strong></span> <span class='ocrx_word' id='word_1_708' title='bbox 1339 4668 1467 4737; x_wconf 88' lang='lat' dir='ltr'><strong>relicitur,</strong></span> <span class='ocrx_word' id='word_1_709' title='bbox 1482 4666 1623 4723; x_wconf 78' lang='lat' dir='ltr'><strong>infirmitas</strong></span> <span class='ocrx_word' id='word_1_710' title='bbox 1637 4667 1759 4738; x_wconf 91' lang='lat' dir='ltr'><strong>corporis</strong></span> <span class='ocrx_word' id='word_1_711' title='bbox 1780 4681 1900 4738; x_wconf 76' lang='lat' dir='ltr'><strong>praegra-</strong></span> 
     </span>
     <span class='ocr_line' id='line_1_50' title="bbox 270 4758 1900 4837; baseline -0.002 -21"><span class='ocrx_word' id='word_1_712' title='bbox 270 4772 297 4817; x_wconf 92' lang='lat' dir='ltr'><strong>ct</strong></span> <span class='ocrx_word' id='word_1_713' title='bbox 307 4761 361 4817; x_wconf 87' lang='lat' dir='ltr'><strong>drro</strong></span> <span class='ocrx_word' id='word_1_714' title='bbox 376 4760 532 4817; x_wconf 89' lang='lat' dir='ltr'><strong>naturabter</strong></span> <span class='ocrx_word' id='word_1_715' title='bbox 542 4761 593 4817; x_wconf 90' lang='lat' dir='ltr'><strong>sibi</strong></span> <span class='ocrx_word' id='word_1_716' title='bbox 609 4761 742 4816; x_wconf 85' lang='lat' dir='ltr'><strong>contraria</strong></span> <span class='ocrx_word' id='word_1_717' title='bbox 755 4760 885 4831; x_wconf 90' lang='lat' dir='ltr'><strong>principia</strong></span> <span class='ocrx_word' id='word_1_718' title='bbox 899 4761 1055 4833; x_wconf 79' lang='lat' dir='ltr'><strong>predicare.</strong></span> <span class='ocrx_word' id='word_1_719' title='bbox 1108 4770 1188 4837; x_wconf 78' lang='lat' dir='ltr'><strong>vatur</strong></span> <span class='ocrx_word' id='word_1_720' title='bbox 1200 4779 1206 4815; x_wconf 89' lang='lat'>:</span> <span class='ocrx_word' id='word_1_721' title='bbox 1219 4761 1256 4816; x_wconf 91' lang='lat' dir='ltr'><strong>ita</strong></span> <span class='ocrx_word' id='word_1_722' title='bbox 1269 4768 1298 4816; x_wconf 90' lang='lat' dir='ltr'><strong>ut</strong></span> <span class='ocrx_word' id='word_1_723' title='bbox 1310 4758 1454 4830; x_wconf 89' lang='lat' dir='ltr'><strong>aliquando</strong></span> <span class='ocrx_word' id='word_1_724' title='bbox 1464 4759 1549 4829; x_wconf 90' lang='lat' dir='ltr'><strong>ipsum</strong></span> <span class='ocrx_word' id='word_1_725' title='bbox 1563 4771 1670 4827; x_wconf 90' lang='lat' dir='ltr'><strong>quoque</strong></span> <span class='ocrx_word' id='word_1_726' title='bbox 1682 4772 1777 4814; x_wconf 86' lang='lat' dir='ltr'><strong>sanum</strong></span> <span class='ocrx_word' id='word_1_727' title='bbox 1798 4772 1900 4827; x_wconf 79' lang='lat' dir='ltr'><strong>corpus</strong></span> 
     </span>
     <span class='ocr_line' id='line_1_51' title="bbox 272 4847 1900 4927; baseline -0.005 -17"><span class='ocrx_word' id='word_1_728' title='bbox 272 4855 347 4912; x_wconf 90' lang='lat' dir='ltr'><strong>Unde</strong></span> <span class='ocrx_word' id='word_1_729' title='bbox 360 4856 423 4927; x_wconf 92' lang='lat' dir='ltr'><strong>quia</strong></span> <span class='ocrx_word' id='word_1_730' title='bbox 440 4863 564 4911; x_wconf 89' lang='lat' dir='ltr'><strong>naturam</strong></span> <span class='ocrx_word' id='word_1_731' title='bbox 586 4854 654 4925; x_wconf 89' lang='lat' dir='ltr'><strong>lucis</strong></span> <span class='ocrx_word' id='word_1_732' title='bbox 676 4853 769 4909; x_wconf 89' lang='lat' dir='ltr'><strong>dicunt</strong></span> <span class='ocrx_word' id='word_1_733' title='bbox 791 4854 905 4921; x_wconf 86' lang='lat' dir='ltr'><strong>bonam,</strong></span> <span class='ocrx_word' id='word_1_734' title='bbox 931 4860 1056 4909; x_wconf 78' lang='lat' dir='ltr'><strong>araturam</strong></span> <span class='ocrx_word' id='word_1_735' title='bbox 1110 4866 1198 4907; x_wconf 86' lang='lat' dir='ltr'><strong>rerum</strong></span> <span class='ocrx_word' id='word_1_736' title='bbox 1212 4866 1324 4921; x_wconf 89' lang='lat' dir='ltr'><strong>quarum</strong></span> <span class='ocrx_word' id='word_1_737' title='bbox 1338 4849 1507 4918; x_wconf 82' lang='lat' dir='ltr'><strong>juraturusu</strong></span> <span class='ocrx_word' id='word_1_738' title='bbox 1521 4847 1774 4915; x_wconf 83' lang='lat' dir='ltr'><strong>lrcdatrrrexcessu,</strong></span> <span class='ocrx_word' id='word_1_739' title='bbox 1790 4855 1819 4902; x_wconf 90' lang='lat' dir='ltr'><strong>et</strong></span> <span class='ocrx_word' id='word_1_740' title='bbox 1833 4848 1900 4902; x_wconf 87' lang='lat' dir='ltr'><strong>dum</strong></span> 
     </span>
     <span class='ocr_line' id='line_1_52' title="bbox 270 4937 1899 5015; baseline -0.002 -17"><span class='ocrx_word' id='word_1_741' title='bbox 270 4963 334 5003; x_wconf 85' lang='lat' dir='ltr'><strong>cero</strong></span> <span class='ocrx_word' id='word_1_742' title='bbox 346 4947 516 5003; x_wconf 89' lang='lat' dir='ltr'><strong>tenebrarum</strong></span> <span class='ocrx_word' id='word_1_743' title='bbox 531 4945 638 5010; x_wconf 89' lang='lat' dir='ltr'><strong>malam,</strong></span> <span class='ocrx_word' id='word_1_744' title='bbox 659 4944 721 5001; x_wconf 90' lang='lat' dir='ltr'><strong>illuc</strong></span> <span class='ocrx_word' id='word_1_745' title='bbox 735 4944 844 5015; x_wconf 90' lang='lat' dir='ltr'><strong>proprio</strong></span> <span class='ocrx_word' id='word_1_746' title='bbox 866 4944 1000 5000; x_wconf 92' lang='lat' dir='ltr'><strong>ducuntur</strong></span> <span class='ocrx_word' id='word_1_747' title='bbox 1013 4960 1056 5000; x_wconf 91' lang='lat' dir='ltr'><strong>er·</strong></span> <span class='ocrx_word' id='word_1_748' title='bbox 1109 4941 1209 5011; x_wconf 91' lang='lat' dir='ltr'><strong>aliquid</strong></span> <span class='ocrx_word' id='word_1_749' title='bbox 1223 4941 1369 5009; x_wconf 88' lang='lat' dir='ltr'><strong>incongrue</strong></span> <span class='ocrx_word' id='word_1_750' title='bbox 1391 4939 1530 5009; x_wconf 88' lang='lat' dir='ltr'><strong>accipitur,</strong></span> <span class='ocrx_word' id='word_1_751' title='bbox 1545 4937 1591 4993; x_wconf 92' lang='lat' dir='ltr'><strong>ubl</strong></span> <span class='ocrx_word' id='word_1_752' title='bbox 1605 4937 1782 4993; x_wconf 88' lang='lat' dir='ltr'><strong>custodienda</strong></span> <span class='ocrx_word' id='word_1_753' title='bbox 1796 4939 1899 5007; x_wconf 78' lang='lat' dir='ltr'><strong>qrraert·</strong></span> 
     </span>
     <span class='ocr_line' id='line_1_53' title="bbox 269 5025 1899 5106; baseline -0.007 -16"><span class='ocrx_word' id='word_1_754' title='bbox 269 5052 341 5099; x_wconf 91' lang='lat' dir='ltr'><strong>rore,</strong></span> <span class='ocrx_word' id='word_1_755' title='bbox 357 5043 387 5090; x_wconf 91' lang='lat' dir='ltr'><strong>ut</strong></span> <span class='ocrx_word' id='word_1_756' title='bbox 397 5035 424 5090; x_wconf 91' lang='lat' dir='ltr'><strong>in</strong></span> <span class='ocrx_word' id='word_1_757' title='bbox 438 5034 563 5093; x_wconf 86' lang='lat' dir='ltr'><strong>aturribus</strong></span> <span class='ocrx_word' id='word_1_758' title='bbox 573 5035 721 5105; x_wconf 73' lang='lat' dir='ltr'><strong>rebusque</strong></span> <span class='ocrx_word' id='word_1_759' title='bbox 733 5033 760 5088; x_wconf 91' lang='lat' dir='ltr'><strong>ln</strong></span> <span class='ocrx_word' id='word_1_760' title='bbox 773 5035 872 5089; x_wconf 79' lang='lat' dir='ltr'><strong>arundo</strong></span> <span class='ocrx_word' id='word_1_761' title='bbox 886 5041 957 5099; x_wconf 91' lang='lat' dir='ltr'><strong>sunt,</strong></span> <span class='ocrx_word' id='word_1_762' title='bbox 972 5049 1055 5106; x_wconf 88' lang='lat' dir='ltr'><strong>quas·</strong></span> <span class='ocrx_word' id='word_1_763' title='bbox 1104 5039 1149 5086; x_wconf 91' lang='lat' dir='ltr'><strong>tur</strong></span> <span class='ocrx_word' id='word_1_764' title='bbox 1166 5029 1276 5097; x_wconf 89' lang='lat' dir='ltr'><strong>sanitas,</strong></span> <span class='ocrx_word' id='word_1_765' title='bbox 1292 5027 1434 5084; x_wconf 86' lang='lat' dir='ltr'><strong>infirmitas</strong></span> <span class='ocrx_word' id='word_1_766' title='bbox 1456 5026 1602 5082; x_wconf 85' lang='lat' dir='ltr'><strong>invenitur.</strong></span> <span class='ocrx_word' id='word_1_767' title='bbox 1615 5025 1675 5097; x_wconf 88' lang='lat' dir='ltr'><strong>lpse</strong></span> <span class='ocrx_word' id='word_1_768' title='bbox 1688 5039 1797 5095; x_wconf 91' lang='lat' dir='ltr'><strong>qnoque</strong></span> <span class='ocrx_word' id='word_1_769' title='bbox 1812 5026 1899 5080; x_wconf 85' lang='lat' dir='ltr'><strong>vesti·</strong></span> 
     </span>
     <span class='ocr_line' id='line_1_54' title="bbox 269 5115 1900 5198; baseline -0.006 -17"><span class='ocrx_word' id='word_1_770' title='bbox 269 5128 332 5182; x_wconf 80' lang='lat' dir='ltr'><strong>darn</strong></span> <span class='ocrx_word' id='word_1_771' title='bbox 342 5126 651 5198; x_wconf 86' lang='lat' dir='ltr'><strong>bonas,quasdamvcro</strong></span> <span class='ocrx_word' id='word_1_772' title='bbox 661 5124 1056 5184; x_wconf 86' lang='lat' dir='ltr'><strong>malasnatnrasnoncuucten-</strong></span> <span class='ocrx_word' id='word_1_773' title='bbox 1106 5129 1259 5179; x_wconf 89' lang='lat' dir='ltr'><strong>mentorum</strong></span> <span class='ocrx_word' id='word_1_774' title='bbox 1280 5135 1345 5176; x_wconf 90' lang='lat' dir='ltr'><strong>usus</strong></span> <span class='ocrx_word' id='word_1_775' title='bbox 1367 5118 1389 5175; x_wconf 89' lang='lat' dir='ltr'><strong>si</strong></span> <span class='ocrx_word' id='word_1_776' title='bbox 1415 5117 1495 5173; x_wconf 91' lang='lat' dir='ltr'><strong>fuerit</strong></span> <span class='ocrx_word' id='word_1_777' title='bbox 1508 5118 1679 5185; x_wconf 86' lang='lat' dir='ltr'><strong>incongruus,</strong></span> <span class='ocrx_word' id='word_1_778' title='bbox 1701 5131 1756 5171; x_wconf 89' lang='lat' dir='ltr'><strong>nou</strong></span> <span class='ocrx_word' id='word_1_779' title='bbox 1778 5115 1900 5171; x_wconf 84' lang='lat' dir='ltr'><strong>salubris</strong></span> 
     </span>
     <span class='ocr_line' id='line_1_55' title="bbox 270 5206 1901 5286; baseline -0.001 -14"><span class='ocrx_word' id='word_1_780' title='bbox 270 5226 313 5273; x_wconf 91' lang='lat' dir='ltr'><strong>tur</strong></span> <span class='ocrx_word' id='word_1_781' title='bbox 326 5232 448 5275; x_wconf 87' lang='lat' dir='ltr'><strong>asserere</strong></span> <span class='ocrx_word' id='word_1_782' title='bbox 463 5236 470 5271; x_wconf 91' lang='lat'>:</span> <span class='ocrx_word' id='word_1_783' title='bbox 491 5218 552 5273; x_wconf 85' lang='lat' dir='ltr'><strong>illas</strong></span> <span class='ocrx_word' id='word_1_784' title='bbox 563 5217 683 5275; x_wconf 89' lang='lat' dir='ltr'><strong>dicentes</strong></span> <span class='ocrx_word' id='word_1_785' title='bbox 694 5216 778 5273; x_wconf 86' lang='lat' dir='ltr'><strong>malas</strong></span> <span class='ocrx_word' id='word_1_786' title='bbox 791 5217 889 5286; x_wconf 89' lang='lat' dir='ltr'><strong>quibus</strong></span> <span class='ocrx_word' id='word_1_787' title='bbox 900 5231 995 5274; x_wconf 83' lang='lat' dir='ltr'><strong>seusm</strong></span> <span class='ocrx_word' id='word_1_788' title='bbox 1008 5234 1056 5275; x_wconf 92' lang='lat' dir='ltr'><strong>eo·</strong></span> <span class='ocrx_word' id='word_1_789' title='bbox 1107 5213 1241 5268; x_wconf 76' lang='lat' dir='ltr'><strong>invenitur</strong></span> <span class='ocrx_word' id='word_1_790' title='bbox 1261 5225 1330 5275; x_wconf 69' lang='lat' dir='ltr'><strong>esse,</strong></span> <span class='ocrx_word' id='word_1_791' title='bbox 1342 5209 1390 5267; x_wconf 74' lang='lat' dir='ltr'><strong>ted</strong></span> <span class='ocrx_word' id='word_1_792' title='bbox 1403 5210 1511 5265; x_wconf 70' lang='lat' dir='ltr'><strong>noxius·</strong></span> <span class='ocrx_word' id='word_1_793' title='bbox 1533 5206 1598 5276; x_wconf 60' lang='lat'><strong>0⁰³⁸</strong></span> <span class='ocrx_word' id='word_1_794' title='bbox 1609 5208 1692 5272; x_wconf 66' lang='lat' dir='ltr'><strong>enlm.</strong></span> <span class='ocrx_word' id='word_1_795' title='bbox 1706 5209 1765 5264; x_wconf 66' lang='lat' dir='ltr'><strong>sive</strong></span> <span class='ocrx_word' id='word_1_796' title='bbox 1776 5208 1901 5277; x_wconf 87' lang='lat' dir='ltr'><strong>qualibet</strong></span> 
     </span>
     <span class='ocr_line' id='line_1_56' title="bbox 268 5292 1899 5379; baseline -0.007 -16"><span class='ocrx_word' id='word_1_797' title='bbox 268 5322 328 5363; x_wconf 92' lang='lat' dir='ltr'><strong>rum</strong></span> <span class='ocrx_word' id='word_1_798' title='bbox 338 5307 523 5374; x_wconf 68' lang='lat' dir='ltr'><strong>offenduntur,</strong></span> <span class='ocrx_word' id='word_1_799' title='bbox 535 5307 594 5364; x_wconf 86' lang='lat' dir='ltr'><strong>illas</strong></span> <span class='ocrx_word' id='word_1_800' title='bbox 607 5308 691 5364; x_wconf 91' lang='lat' dir='ltr'><strong>bonas</strong></span> <span class='ocrx_word' id='word_1_801' title='bbox 703 5322 817 5379; x_wconf 90' lang='lat' dir='ltr'><strong>quarum</strong></span> <span class='ocrx_word' id='word_1_802' title='bbox 830 5306 974 5365; x_wconf 84' lang='lat' dir='ltr'><strong>dilectione</strong></span> <span class='ocrx_word' id='word_1_803' title='bbox 984 5309 1055 5365; x_wconf 88' lang='lat' dir='ltr'><strong>mul·</strong></span> <span class='ocrx_word' id='word_1_804' title='bbox 1106 5302 1207 5379; x_wconf 69' lang='lat' dir='ltr'><strong>inopia,</strong></span> <span class='ocrx_word' id='word_1_805' title='bbox 1218 5303 1274 5357; x_wconf 77' lang='lat' dir='ltr'><strong>tite</strong></span> <span class='ocrx_word' id='word_1_806' title='bbox 1289 5292 1444 5356; x_wconf 78' lang='lat' dir='ltr'><strong>infirmitate</strong></span> <span class='ocrx_word' id='word_1_807' title='bbox 1457 5299 1589 5370; x_wconf 88' lang='lat' dir='ltr'><strong>corporis,</strong></span> <span class='ocrx_word' id='word_1_808' title='bbox 1608 5314 1663 5354; x_wconf 89' lang='lat' dir='ltr'><strong>uon</strong></span> <span class='ocrx_word' id='word_1_809' title='bbox 1688 5298 1840 5369; x_wconf 86' lang='lat' dir='ltr'><strong>perniciose</strong></span> <span class='ocrx_word' id='word_1_810' title='bbox 1852 5299 1899 5355; x_wconf 84' lang='lat' dir='ltr'><strong>vel</strong></span> 
     </span>
     <span class='ocr_line' id='line_1_57' title="bbox 268 5380 1900 5471; baseline -0.006 -19"><span class='ocrx_word' id='word_1_811' title='bbox 268 5405 365 5452; x_wconf 90' lang='lat' dir='ltr'><strong>centur</strong></span> <span class='ocrx_word' id='word_1_812' title='bbox 380 5417 386 5451; x_wconf 76' lang='grc' dir='ltr'><strong>ι</strong></span> <span class='ocrx_word' id='word_1_813' title='bbox 404 5415 455 5453; x_wconf 87' lang='lat' dir='ltr'><strong>non</strong></span> <span class='ocrx_word' id='word_1_814' title='bbox 468 5397 650 5468; x_wconf 73' lang='lat' dir='ltr'><strong>intelligenter,</strong></span> <span class='ocrx_word' id='word_1_815' title='bbox 664 5398 733 5453; x_wconf 89' lang='lat' dir='ltr'><strong>sicut</strong></span> <span class='ocrx_word' id='word_1_816' title='bbox 751 5380 896 5467; x_wconf 79' lang='lat' dir='ltr'><strong>Apostolus</strong></span> <span class='ocrx_word' id='word_1_817' title='bbox 910 5398 960 5465; x_wconf 81' lang='lat' dir='ltr'><strong>ait,</strong></span> <span class='ocrx_word' id='word_1_818' title='bbox 975 5415 1055 5471; x_wconf 83' lang='lat' dir='ltr'><strong>neque</strong></span> <span class='ocrx_word' id='word_1_819' title='bbox 1106 5407 1169 5457; x_wconf 85' lang='lat' dir='ltr'><strong>curu</strong></span> <span class='ocrx_word' id='word_1_820' title='bbox 1188 5399 1285 5448; x_wconf 74' lang='lat' dir='ltr'><strong>estuat</strong></span> <span class='ocrx_word' id='word_1_821' title='bbox 1306 5390 1466 5445; x_wconf 86' lang='lat' dir='ltr'><strong>hiemalibus</strong></span> <span class='ocrx_word' id='word_1_822' title='bbox 1489 5388 1662 5452; x_wconf 87' lang='lat' dir='ltr'><strong>indumentis,</strong></span> <span class='ocrx_word' id='word_1_823' title='bbox 1678 5386 1721 5443; x_wconf 87' lang='lat' dir='ltr'><strong>vel</strong></span> <span class='ocrx_word' id='word_1_824' title='bbox 1735 5403 1799 5444; x_wconf 90' lang='lat' dir='ltr'><strong>cum</strong></span> <span class='ocrx_word' id='word_1_825' title='bbox 1823 5390 1900 5458; x_wconf 84' lang='lat' dir='ltr'><strong>alget</strong></span> 
     </span>
     <span class='ocr_line' id='line_1_58' title="bbox 268 5484 1756 5560; baseline -0.002 -18"><span class='ocrx_word' id='word_1_826' title='bbox 268 5504 326 5559; x_wconf 80' lang='lat' dir='ltr'><strong>qne</strong></span> <span class='ocrx_word' id='word_1_827' title='bbox 335 5491 481 5559; x_wconf 69' lang='lat' dir='ltr'><strong>mercentur,</strong></span> <span class='ocrx_word' id='word_1_828' title='bbox 494 5505 574 5560; x_wconf 83' lang='lat' dir='ltr'><strong>neque</strong></span> <span class='ocrx_word' id='word_1_829' title='bbox 584 5487 616 5543; x_wconf 81' lang='lat' dir='ltr'><strong>de</strong></span> <span class='ocrx_word' id='word_1_830' title='bbox 629 5488 717 5558; x_wconf 85' lang='lat' dir='ltr'><strong>qttibtts</strong></span> <span class='ocrx_word' id='word_1_831' title='bbox 728 5489 858 5558; x_wconf 75' lang='lat' dir='ltr'><strong>affirmant</strong></span> <span class='ocrx_word' id='word_1_832' title='bbox 871 5487 897 5559; x_wconf 83' lang='lat' dir='ltr'><strong>(l</strong></span> <span class='ocrx_word' id='word_1_833' title='bbox 907 5486 973 5543; x_wconf 80' lang='lat' dir='ltr'><strong>Tim.</strong></span> <span class='ocrx_word' id='word_1_834' title='bbox 984 5504 1003 5555; x_wconf 88' lang='lat' dir='ltr'><strong>t,</strong></span> <span class='ocrx_word' id='word_1_835' title='bbox 1015 5489 1053 5559; x_wconf 84' lang='lat'><strong>7).</strong></span> <span class='ocrx_word' id='word_1_836' title='bbox 1107 5494 1197 5540; x_wconf 88' lang='lat' dir='ltr'><strong>utatur</strong></span> <span class='ocrx_word' id='word_1_837' title='bbox 1205 5484 1322 5540; x_wconf 76' lang='lat' dir='ltr'><strong>aestivis?</strong></span> <span class='ocrx_word' id='word_1_838' title='bbox 1753 5552 1756 5559; x_wconf 30' lang='grc' dir='ltr'>Ι</span> 
     </span>
     <span class='ocr_line' id='line_1_59' title="bbox 269 5574 1902 5653; baseline -0.002 -21"><span class='ocrx_word' id='word_1_839' title='bbox 269 5576 305 5632; x_wconf 86' lang='grc' dir='ltr'><strong>ιιι</strong></span> <span class='ocrx_word' id='word_1_840' title='bbox 316 5580 387 5633; x_wconf 90' lang='lat' dir='ltr'><strong>enim</strong></span> <span class='ocrx_word' id='word_1_841' title='bbox 412 5578 446 5634; x_wconf 89' lang='lat' dir='ltr'><strong>dc</strong></span> <span class='ocrx_word' id='word_1_842' title='bbox 460 5580 520 5636; x_wconf 91' lang='lat' dir='ltr'><strong>lnce</strong></span> <span class='ocrx_word' id='word_1_843' title='bbox 541 5595 574 5635; x_wconf 92' lang='lat' dir='ltr'><strong>ac</strong></span> <span class='ocrx_word' id='word_1_844' title='bbox 593 5579 722 5645; x_wconf 91' lang='lat' dir='ltr'><strong>tenebris,</strong></span> <span class='ocrx_word' id='word_1_845' title='bbox 745 5594 858 5648; x_wconf 92' lang='lat' dir='ltr'><strong>quarum</strong></span> <span class='ocrx_word' id='word_1_846' title='bbox 872 5578 1056 5649; x_wconf 88' lang='lat' dir='ltr'><strong>principaliter</strong></span> <span class='ocrx_word' id='word_1_847' title='bbox 1141 5575 1185 5630; x_wconf 75' lang='grc' dir='ltr'><strong>ιι.</strong></span> <span class='ocrx_word' id='word_1_848' title='bbox 1207 5575 1327 5644; x_wconf 83' lang='lat' dir='ltr'><strong>tongum</strong></span> <span class='ocrx_word' id='word_1_849' title='bbox 1340 5585 1381 5632; x_wconf 86' lang='lat' dir='ltr'><strong>cst</strong></span> <span class='ocrx_word' id='word_1_850' title='bbox 1394 5586 1484 5631; x_wconf 91' lang='lat' dir='ltr'><strong>autem</strong></span> <span class='ocrx_word' id='word_1_851' title='bbox 1495 5576 1676 5644; x_wconf 80' lang='lat' dir='ltr'><strong>congruentia</strong></span> <span class='ocrx_word' id='word_1_852' title='bbox 1686 5574 1815 5653; x_wconf 71' lang='lat' dir='ltr'><strong>iudiciuae</strong></span> <span class='ocrx_word' id='word_1_853' title='bbox 1826 5575 1902 5630; x_wconf 87' lang='lat' dir='ltr'><strong>mul·</strong></span> 
     </span>
     <span class='ocr_line' id='line_1_60' title="bbox 269 5664 1900 5740; baseline 0.001 -20"><span class='ocrx_word' id='word_1_854' title='bbox 269 5675 378 5725; x_wconf 76' lang='lat' dir='ltr'><strong>riaturns</strong></span> <span class='ocrx_word' id='word_1_855' title='bbox 392 5678 553 5740; x_wconf 84' lang='lat' dir='ltr'><strong>putantcsse</strong></span> <span class='ocrx_word' id='word_1_856' title='bbox 566 5670 725 5737; x_wconf 86' lang='lat' dir='ltr'><strong>contrarias,</strong></span> <span class='ocrx_word' id='word_1_857' title='bbox 733 5668 834 5739; x_wconf 93' lang='lat' dir='ltr'><strong>aliquid</strong></span> <span class='ocrx_word' id='word_1_858' title='bbox 847 5669 949 5735; x_wconf 90' lang='lat' dir='ltr'><strong>dicam,</strong></span> <span class='ocrx_word' id='word_1_859' title='bbox 963 5683 1054 5724; x_wconf 89' lang='lat' dir='ltr'><strong>nonne</strong></span> <span class='ocrx_word' id='word_1_860' title='bbox 1107 5668 1141 5723; x_wconf 91' lang='lat' dir='ltr'><strong>tis</strong></span> <span class='ocrx_word' id='word_1_861' title='bbox 1154 5664 1286 5739; x_wconf 76' lang='lat' dir='ltr'><strong>cremplis</strong></span> <span class='ocrx_word' id='word_1_862' title='bbox 1299 5666 1452 5733; x_wconf 88' lang='lat' dir='ltr'><strong>ostendere,</strong></span> <span class='ocrx_word' id='word_1_863' title='bbox 1465 5683 1524 5723; x_wconf 90' lang='lat' dir='ltr'><strong>cum</strong></span> <span class='ocrx_word' id='word_1_864' title='bbox 1545 5667 1710 5723; x_wconf 86' lang='lat' dir='ltr'><strong>intuentibus</strong></span> <span class='ocrx_word' id='word_1_865' title='bbox 1723 5666 1819 5722; x_wconf 83' lang='lat' dir='ltr'><strong>deesse</strong></span> <span class='ocrx_word' id='word_1_866' title='bbox 1841 5681 1900 5721; x_wconf 91' lang='lat' dir='ltr'><strong>non</strong></span> 
     </span>
     <span class='ocr_line' id='line_1_61' title="bbox 267 5756 1899 5830; baseline 0 -20"><span class='ocrx_word' id='word_1_867' title='bbox 267 5756 383 5830; x_wconf 78' lang='lat' dir='ltr'><strong>primurn</strong></span> <span class='ocrx_word' id='word_1_868' title='bbox 399 5758 424 5813; x_wconf 93' lang='lat' dir='ltr'><strong>in</strong></span> <span class='ocrx_word' id='word_1_869' title='bbox 435 5773 468 5815; x_wconf 90' lang='lat' dir='ltr'><strong>eo</strong></span> <span class='ocrx_word' id='word_1_870' title='bbox 482 5759 596 5817; x_wconf 81' lang='lat' dir='ltr'><strong>mendax</strong></span> <span class='ocrx_word' id='word_1_871' title='bbox 606 5759 712 5816; x_wconf 88' lang='lat' dir='ltr'><strong>illorum</strong></span> <span class='ocrx_word' id='word_1_872' title='bbox 727 5758 861 5816; x_wconf 86' lang='lat' dir='ltr'><strong>invenitur</strong></span> <span class='ocrx_word' id='word_1_873' title='bbox 875 5757 1011 5828; x_wconf 82' lang='lat' dir='ltr'><strong>assertio,</strong></span> <span class='ocrx_word' id='word_1_874' title='bbox 1026 5758 1054 5815; x_wconf 92' lang='lat' dir='ltr'><strong>in</strong></span> <span class='ocrx_word' id='word_1_875' title='bbox 1105 5758 1216 5829; x_wconf 88' lang='lat' dir='ltr'><strong>possint.</strong></span> <span class='ocrx_word' id='word_1_876' title='bbox 1234 5756 1348 5818; x_wconf 84' lang='lat' dir='ltr'><strong>Proinde</strong></span> <span class='ocrx_word' id='word_1_877' title='bbox 1373 5772 1467 5815; x_wconf 90' lang='lat' dir='ltr'><strong>omnes</strong></span> <span class='ocrx_word' id='word_1_878' title='bbox 1481 5763 1584 5815; x_wconf 75' lang='lat' dir='ltr'><strong>tratura</strong></span> <span class='ocrx_word' id='word_1_879' title='bbox 1608 5771 1668 5827; x_wconf 76' lang='lat' dir='ltr'><strong>qua</strong></span> <span class='ocrx_word' id='word_1_880' title='bbox 1680 5764 1752 5825; x_wconf 86' lang='lat' dir='ltr'><strong>surrt,</strong></span> <span class='ocrx_word' id='word_1_881' title='bbox 1768 5769 1828 5826; x_wconf 80' lang='lat' dir='ltr'><strong>que</strong></span> <span class='ocrx_word' id='word_1_882' title='bbox 1850 5757 1899 5811; x_wconf 80' lang='lat' dir='ltr'><strong>vi·</strong></span> 
     </span>
    </p>
   </div>
   <div class='ocr_carea' id='block_1_9' title="bbox 0 0 2036 6344">
    <p class='ocr_par' dir='ltr' id='par_1_10' title="bbox 0 0 2036 6344">
     <span class='ocr_line' id='line_1_62' title="bbox 0 0 2036 6344; baseline 0 0"><span class='ocrx_word' id='word_1_883' title='bbox 0 0 2036 6344; x_wconf 95' lang='lat' dir='ltr'><strong> </strong></span> 
     </span>
    </p>
   </div>
  </div>
 </body>
</html>
