4152 6344
168 385 216 443 au
875 389 1004 463 ‚suerro
1023 388 1066 447 ιιι.
1735 388 1789 447 sua

168 517 221 557 urm
243 511 273 561 ut
296 504 322 558 tu
347 505 465 574 ipsorum
490 508 589 563 malitia
615 516 834 571 commutentur,
855 503 903 565 sed
924 515 954 561 ut
968 508 992 568 Α
1005 516 1075 562 stum
1091 508 1116 562 in
1131 523 1178 563 sua
1191 506 1273 574 gloria
1289 506 1436 569 sedentem,
1462 519 1511 575 pro
1526 517 1583 557 mea
1598 500 1685 556 salute
1698 508 1788 557 astan-

167 572 221 641 topi
236 573 263 626 in
287 575 438 629 irrrroecutia
453 576 544 631 ovium
558 587 759 633 convertantur.
784 576 836 631 Sed
858 577 880 629 si
905 591 953 630 nn·
1005 585 1069 631 tem.
1087 576 1144 646 lpse
1159 577 1222 631 mihi
1237 577 1312 630 testis
1333 584 1375 630 est
1397 577 1423 628 in
1446 574 1530 635 ecelis,
1553 584 1604 638 ego
1617 572 1641 625 ei
1664 585 1717 624 nou
1739 584 1787 652 ero

167 642 223 695 luut
238 640 296 697 lieri
310 646 382 711 ageri,
396 659 461 700 ores
474 660 527 700 unu
542 645 676 711 deluam,
693 655 836 716 sequentes
849 645 951 712 Αςιιιιιιι
1005 647 1079 700 testis
1091 646 1117 700 iu
1132 646 1227 700 terris?
1240 645 1269 699 Si
1282 661 1342 699 eum
1354 645 1429 698 luere
1444 642 1582 697 enrrlessus
1595 655 1685 695 coram
1700 639 1787 693 hamr-

166 712 212 780 uni
227 712 297 766 tollit
310 723 449 781 peecatum
472 715 573 769 mundi.
602 715 672 771 Eece
693 719 763 769 enirn
787 715 870 785 prima
896 714 953 767 uvis
1002 715 1092 779 nibus,
1103 712 1273 770 confitebitur
1286 716 1366 768 etiam
1381 714 1438 784 ipse
1449 726 1492 765 me
1507 724 1598 764 coram
1610 708 1711 777 argelle
1721 707 1785 762 suis.

165 789 276 836 sauctus
289 780 450 849 Stephanus,
473 784 609 851 quomodo
633 784 786 841 testimonio
801 782 861 837 fidei
876 784 953 852 lupus
1003 782 1031 838 Si
1043 792 1132 839 autem
1143 798 1276 852 negavero
1290 798 1351 838 eum
1362 783 1389 837 in
1405 781 1493 847 terris,
1508 786 1535 833 et
1553 778 1610 848 ipse
1624 794 1667 832 ure
1679 777 1787 844 negabit

124 906 126 911 ‚
166 850 268 904 excutit
279 851 485 920 proclamantes,
501 862 528 907 et
541 853 624 908 oerrlis
638 856 694 908 suis
709 854 792 909 coelos
806 853 892 908 cernit
906 867 953 920 pa·
1004 854 1029 907 in
1044 852 1127 909 curtis.
1153 852 1205 908 Sed
1227 868 1274 921 pre
1290 862 1343 905 tarn
1364 849 1486 904 fidelibus
1504 847 1664 902 testimoniis
1686 847 1788 914 lapides

166 919 270 974 tentes!
286 916 392 989 Optima
407 921 465 976 ovis
480 935 599 991 pugnans
614 922 639 976 io
654 922 742 976 medio
757 922 894 990 luporum,
909 935 953 975 se·
1000 921 1119 989 jactatis,
1135 931 1249 977 urentem
1265 921 1397 985 clauditis,
1410 920 1511 986 integra
1521 916 1597 971 vobis
1607 926 1634 969 et
1648 916 1786 996 manitesta

165 1004 260 1057 orrens,
277 1004 329 1043 non
351 988 438 1043 adhue
451 992 609 1059 perveniens
620 992 654 1045 ad
675 990 825 1054 Dorrrinum,
851 998 879 1043 et
896 988 950 1055 jam
1002 992 1136 1046 dicentem
1150 990 1241 1045 audire
1257 1006 1309 1045 rrou
1323 991 1414 1043 vultis.
1427 987 1536 1050 Caedite,
1551 985 1645 1040 caedite
1657 984 1787 1053 lapidibus

165 1058 268 1113 artuicus
291 1066 333 1113 est
349 1060 514 1126 augelorum.
539 1058 625 1125 Quam
651 1060 791 1115 trrarril‘este
815 1057 952 1113 lautitiaris
1002 1060 1189 1126 eonlrtenteur;
1210 1060 1296 1114 habeo
1317 1074 1403 1112 nreruu
1417 1058 1451 1112 ad
1465 1056 1550 1109 Patris
1562 1055 1698 1109 dexteram
1712 1053 1787 1120 adiu-

165 1127 266 1195 angetis
278 1137 336 1181 erat
350 1128 460 1191 anricus,
485 1130 529 1196 qui
546 1130 571 1182 in
590 1129 678 1184 medio
693 1129 816 1198 luporum
832 1134 861 1182 ut
874 1141 952 1195 ange·
1003 1137 1100 1183 torem.
1116 1129 1170 1184 llos
1183 1127 1283 1184 ceditis
1301 1136 1380 1196 eaput
1393 1142 1490 1190 meum,
1507 1138 1556 1192 ego
1576 1124 1614 1177 illi
1627 1122 1787 1178 commendo

165 1194 206 1250 lus·
218 1197 345 1266 parebat!
359 1196 499 1266 Adapertis
510 1199 608 1253 etenim
624 1198 708 1263 roetir,
729 1206 951 1266 aspectusmuta·
1002 1198 1124 1269 spiritum
1138 1213 1237 1254 meum.
1254 1197 1372 1260 Domine,
1394 1196 1489 1263 irruuit,
1509 1194 1583 1257 tera,
1596 1195 1664 1246 susci
1684 1192 1788 1263 espiri·

164 1274 208 1319 tus
222 1273 265 1320 est
277 1265 451 1331 contessoris;
465 1276 492 1321 et
502 1267 582 1334 erupit
593 1275 717 1334 tttttquttttt
730 1265 793 1322 Sole
805 1267 951 1322 illustratus
1001 1277 1056 1321 tour
1069 1284 1151 1322 merem
1168 1268 1288 1339 (uersu.
1303 1267 1359 1334 58).
1375 1266 1420 1321 lsti
1436 1265 1606 1326 trraledieuut,
1622 1271 1650 1316 tu
1661 1210 1785 1317 habedic.

164 1334 273 1401 justine
285 1336 507 1403 resplenderent
521 1336 664 1390 burnaham
679 1336 794 1404 speciem
807 1350 859 1391 non
871 1334 950 1389 habe·
1000 1334 1045 1391 lsti
1060 1345 1264 1407 persequuntur,
1289 1344 1317 1390 tu
1337 1336 1442 1407 suscipe
1457 1340 1635 1406 persecutum.
1652 1331 1709 1386 Nou
1724 1345 1786 1401 soe

165 1413 206 1457 ret
221 1404 285 1474 ipsis
300 1405 451 1473 patentibus
465 1405 550 1469 coelis,
571 1405 634 1474 ipsis
658 1405 801 1461 latentibus
823 1404 947 1459 inieritis.
1000 1421 1090 1471 causa,
1104 1404 1181 1461 tesrs
1195 1422 1278 1472 rrreus,
1294 1406 1405 1460 Domine
1420 1418 1502 1464 triens,
1513 1418 1561 1473 pro
1582 1401 1670 1456 meod
1684 1400 1788 1456 ‹tertre-

164 1470 230 1527 Nam
245 1475 333 1528 stabat
355 1474 383 1528 in
406 1474 494 1529 medio
517 1474 650 1543 luporum,
674 1483 702 1529 et
721 1485 779 1529 etat
798 1473 878 1528 iacies
891 1474 950 1542 ejus
1001 1491 1057 1530 ratu
1080 1474 1165 1530 Patris
1179 1475 1296 1541 dignaris
1308 1483 1405 1539 astare,
1429 1488 1509 1541 quern
1535 1472 1596 1525 novi
1620 1478 1647 1525 et
1661 1470 1740 1525 credo
1754 1469 1786 1523 ad

165 1548 291 1613 tanquam
314 1543 395 1598 iacies
416 1543 503 1610 augeli
526 1544 621 1597 stantis
643 1543 669 1597 iu
687 1543 777 1597 rnediu
797 1541 947 1597 ludaeorum
1000 1542 1140 1599 dexteram
1169 1544 1256 1598 Patris
1284 1542 1388 1599 sedere.
1413 1542 1465 1597 Pro
1489 1551 1532 1595 me
1556 1539 1691 1608 estquod
1715 1547 1787 1593 stare

164 1607 234 1671 (Act.
248 1628 284 1677 vr,
301 1609 356 1681 lb).
372 1610 440 1678 Quid
454 1612 541 1680 agitis,
553 1628 570 1666 o
580 1611 680 1667 tut-un
694 1628 745 1666 non
758 1612 857 1667 timetis
870 1626 947 1665 uveni
1000 1613 1127 1682 dignaris,
1143 1615 1188 1683 oui
1203 1612 1298 1669 stando
1313 1628 1365 1667 uon
1378 1612 1480 1679 delicis,
1492 1611 1537 1681 qui
1549 1619 1609 1665 tuos
1623 1607 1787 1676 adjuvamine

162 1679 263 1737 Christi
277 1681 390 1751 primam
411 1681 605 1763 pedisequam,
630 1697 689 1750 qum
709 1682 790 1735 hahet
814 1681 839 1734 iu
862 1680 948 1736 trente
1001 1699 1054 1737 ιιοιι
1068 1682 1178 1738 deseris.
1195 1681 1300 1747 Turne,
1316 1682 1427 1737 Dourine
1446 1697 1532 1746 meus,
1547 1679 1641 1733 ulsisn
1658 1681 1683 1731 in
1697 1677 1786 1731 medio

163 1765 211 1805 sua
224 1766 322 1807 nonren
333 1749 420 1804 Patris
431 1758 459 1805 et
470 1750 530 1806 Fihi
541 1758 568 1805 et
578 1749 692 1821 Spiritus
705 1751 810 1805 sanctii
824 1747 896 1803 l.-tud
907 1761 947 1805 cst
1000 1751 1179 1817 inimieorum,
1191 1768 1233 1807 nte
1245 1752 1366 1821 dignutus
1375 1768 1404 1805 es
1414 1750 1502 1805 tacere
1514 1750 1627 1818 primum
1641 1755 1786 1817 martyrem

163 1820 268 1888 signum
281 1819 353 1891 quod
365 1819 439 1874 vobis
453 1820 480 1874 io
494 1819 624 1889 Stephani
645 1819 733 1874 leonte
756 1819 871 1882 lucebat,
896 1818 948 1874 hec
1001 1833 1062 1890 post
1073 1830 1144 1875 tuam
1159 1822 1353 1877 ascensionem.
1369 1821 1396 1875 Si
1412 1821 1452 1875 vis
1466 1828 1495 1874 ut
1508 1836 1561 1874 non
1580 1816 1702 1872 delictam
1718 1833 1733 1869 a
1747 1824 1784 1880 tc,

163 1889 269 1956 sigrium
282 1889 406 1943 viderunt
423 1888 485 1945 coeli
501 1897 529 1944 et
548 1889 673 1958 pateruoti
686 1898 756 1955 sunt,
781 1896 809 1945 ct
823 1896 948 2008 tanpuarn
965 1868 1097 1958 Badjura
1111 1905 1163 1945 me.
1176 1890 1269 1947 Cesset
1288 1890 1408 1947 contusio
1422 1899 1568 1961 petrarum,
1593 1903 1628 1942 oe
1640 1886 1747 1940 delictas
1759 1885 1785 1939 in

164 1967 274 2013 ostenso
296 1958 433 2027 signaculo
458 1957 485 2014 iu
510 1959 601 2027 speeie
623 1958 787 2025 augelorum,
827 1964 949 2011 uteaetce
1001 1974 1044 2012 rne
1064 1958 1193 2014 tortitudo
1216 1961 1407 2015 u‘errrhrorom.
1432 1958 1485 2013 Pro
1505 1973 1548 2012 me
1567 1958 1650 2021 enim,
1674 1954 1786 2009 Donriue

163 2037 227 2083 surrt
241 2028 474 2097 portarcoetorum.
498 2026 576 2082 Venit
593 2028 663 2081 euim
678 2035 785 2082 sanetus
800 2026 949 2093 .teptranus
999 2043 1086 2091 mens,
1112 2029 1232 2097 appellas
1255 2028 1318 2083 dum
1341 2036 1396 2082 stas
1419 2046 1426 2083 ι
1451 2027 1525 2082 vocis
1549 2034 1601 2080 tuae
1625 2025 1785 2092 legationem

163 2112 225 2150 curn
240 2097 359 2151 clavibus
370 2096 441 2162 ttdei,
456 2105 482 2151 el
494 2097 551 2163 ipse
561 2098 611 2150 sibi
622 2097 736 2165 aperuit,
750 2094 823 2164 quod
837 2092 950 2147 tlrleliter
1000 2096 1096 2163 audie;
1112 2097 1209 2162 credo,
1225 2097 1352 2167 suscipio,
1374 2111 1507 2163 cognosco
1521 2111 1570 2164 pro
1595 2109 1638 2148 me
1652 2092 1722 2163 apud
1736 2090 1786 2146 Pa-

162 2166 288 2232 credidit,
312 2173 341 2221 et
364 2165 478 2221 libenter
495 2182 526 2219 as
545 2167 609 2220 erit.
624 2164 702 2231 Quod
717 2180 780 2230 erge
794 2164 871 2228 vidit,
895 2179 948 2217 non
1001 2173 1069 2221 trem
1093 2167 1295 2248 postulantem,
1315 2166 1459 2220 donantem
1483 2173 1511 2219 et
1535 2163 1725 2245 adlevantem,
1751 2176 1785 2216 ue

164 2236 257 2290 tacuit.
274 2233 351 2298 licre,
372 2234 467 2303 linquit,
490 2236 513 2289 oi
532 2251 562 2289 eo
580 2234 785 2305 retemperant,
806 2244 831 2287 et
848 2231 949 2287 Filium
1000 2250 1060 2290 mea
1087 2234 1152 2290 hdcs
1171 2235 1280 2291 deliciet
1304 2234 1439 2304 sequendo
1468 2242 1503 2289 le.
1527 2230 1596 2299 Quid
1621 2231 1686 2287 dicit
1709 2229 1786 2287 tesus

163 2306 275 2360 tremissis
298 2311 410 2359 murram
433 2304 468 2357 ed
486 2304 618 2358 dexter-om
640 2303 728 2357 Putris
747 2303 816 2373 (rtet.
831 2317 876 2367 vu,
891 2300 947 2371 lb).
1001 2319 1085 2370 rtteus,
1113 2304 1242 2359 Dominus
1262 2319 1346 2365 meus,
1371 2303 1487 2373 petendo
1507 2318 1557 2372 pro
1575 2317 1619 2355 me
1640 2299 1710 2371 apud
1732 2299 1785 2354 Pa·

161 2372 218 2429 Sed
231 2375 294 2443 quill
313 2372 430 2429 restabat
452 2381 481 2428 ul
503 2374 578 2428 erulis
601 2372 740 2442 patetactis
762 2372 875 2437 videret,
899 2370 948 2425 nisi
999 2375 1086 2428 trem?
1110 2370 1206 2439 Pater,
1233 2388 1296 2429 eece
1331 2375 1380 2427 isle
1407 2374 1507 2453 primus
1528 2370 1688 2441 pedisequus
1735 2385 1785 2423 ne·
1815 2438 1818 2443 ψ

164 2442 172 2496 i
193 2457 251 2499 sum
266 2443 311 2511 qui
323 2443 348 2496 in
361 2441 437 2497 coetis
447 2441 605 2498 ascenderat
616 2438 949 2497 DourinumSalvalorem?
1000 2457 1060 2496 ram
1078 2457 1126 2511 pre
1145 2457 1189 2497 rue
1208 2440 1299 2497 mundi
1321 2442 1429 2497 intravit
1449 2441 1616 2523 palaestram:
1639 2438 1708 2493 dona
1733 2438 1784 2491 mi-

187 2527 231 2566 am
245 2510 828 2577 istoscoelosomuesvidenrus,sedolausos,
841 2523 893 2562 nou
905 2524 950 2575 pa·
1000 2511 1190 2575 scricordiam,
1214 2512 1352 2579 perveniat
1373 2509 1405 2564 ad
1431 2509 1587 2574 victoriam3
1610 2510 1708 2562 sentiat
1727 2509 1785 2562 ovis

163 2580 291 2645 tetact0s;
303 2581 424 2636 lucentes
436 2581 463 2635 io
479 2580 575 2647 stellis,
586 2595 640 2635 uon
654 2579 782 2635 micantes
797 2578 823 2632 in
835 2577 946 2644 angelis.
1000 2595 1060 2634 mea
1074 2593 1104 2634 se
1118 2579 1296 2646 ad'uvanteru,
1312 2595 1347 2636 ne
1361 2594 1404 2634 me
1414 2580 1484 2634 inter
1496 2579 1572 2645 lupos
1585 2578 1719 2633 existimet
1730 2585 1784 2629 tra-

161 2649 216 2707 lste
230 2658 319 2705 auteur
331 2648 386 2718 jam
401 2665 454 2703 nou
467 2649 559 2713 bomo,
579 2649 626 2704 sed
641 2647 751 2716 augelus
761 2648 843 2702 bomo
855 2646 947 2701 sedem
999 2648 1124 2703 ditarem.
1184 2664 1215 2703 ce
1229 2647 1306 2704 video
1320 2656 1447 2715 stantem,
1461 2662 1593 2718 plausuum
1614 2662 1664 2716 pro
1678 2661 1722 2700 me
1735 2660 1785 2715 pe·

183 2719 257 2774 alatii
264 2718 368 2774 bantini
378 2717 418 2773 sui
426 2735 479 2774 noo
487 2717 716 2785 aspicitclausaru,
724 2716 770 2772 sed
795 2723 948 2771 atetuetam.
999 2717 1154 2773 stelantem.
1170 2716 1203 2771 ta
1217 2718 1277 2774 ideo
1292 2718 1403 2774 [lemine
1416 2733 1500 2779 meus,
1520 2717 1564 2786 qut
1579 2724 1686 2785 spectas
1697 2724 1784 2771 certa-

162 2734 223 2844 flon
234 2787 430 2856 vidctaugetos,
443 2788 488 2843 sed
499 2786 688 2855 ar·elrangelos;
698 2732 829 2867 siquidem
840 2784 949 2854 etipsos
1000 2803 1061 2843 nren
1075 2802 1174 2852 rneum,
1186 2787 1290 2851 suscipe
1300 2787 1423 2857 spiritum
1434 2802 1533 2842 meum.
1545 2786 1642 2840 Verum
1653 2785 1715 2855 quia
1730 2800 1783 2839 nun

162 2857 271 2926 aspicit,
294 2856 340 2912 sed
365 2857 451 2926 ipsum
474 2856 600 2928 predicat
620 2857 662 2912 eol
678 2864 752 2911 testis
768 2860 836 2909 erat.
859 2851 949 2924 ipsum
1000 2848 1783 2926 timeo,Domine,lapidatamemhra,pooespiritummeum

162 2933 302 2997 praeconat
313 2927 355 2981 cui
370 2933 412 2979 est
433 2926 548 2980 tanrrrlus
568 2926 595 2980 iu
609 2939 695 2995 agone
717 2925 862 2996 perlectus.
882 2922 948 2978 Nam
1000 2925 1027 2980 io
1041 2926 1159 2994 requiem
1173 2927 1373 2995 serrrptternanr.
1388 2924 1462 2981 luter
1475 2926 1541 2981 istos
1560 2939 1627 2999 sum!
1641 2922 1785 2994 deputatus

162 3003 264 3064 quauta
279 2994 470 3050 tueratsaucto
484 2994 620 3063 Stephano
636 2995 723 3063 gratia
735 2991 850 3048 durratat
866 2991 949 3048 Vide·
1000 3003 1126 3063 tauuuam
1146 2996 1204 3051 ovis
1228 2996 1379 3061 occisionis,
1404 2994 1474 3063 aprrd
1496 3003 1523 3050 te
1546 3008 1631 3064 ponar
1651 2993 1677 3047 in
1691 2992 1784 3061 requie

162 3065 211 3118 bat
223 3063 371 3119 exercitum
383 3064 499 3120 coelestis
514 3064 614 3118 militiae
626 3073 742 3119 stantem
755 3079 764 3116 ε
776 3062 883 3117 videbat
897 3062 949 3118 ho·
999 3065 1139 3121 suavitatis
1151 3074 1179 3119 et
1191 3065 1273 3133 pacis.
1289 3064 1373 3120 tudrei
1387 3064 1550 3134 lapidabant,
1566 3064 1616 3118 iste
1627 3062 1785 3131 ingemisce-

164 3133 245 3189 urinis
269 3132 365 3188 Filium
387 3133 422 3188 ad
444 3137 582 3190 dexteram
600 3131 687 3188 Patris
706 3130 854 3189 sedentem.
878 3128 949 3187 Ecce
999 3133 1056 3188 bat.
1073 3131 1155 3188 iudai
1168 3134 1406 3207 coutebantcaput,
1425 3134 1475 3189 iste
1489 3131 1692 3188 commendabat
1705 3131 1784 3201 spiri-

162 3201 237 3256 videt
247 3200 387 3257 Douriuum
400 3203 445 3272 qui
457 3202 512 3270 Jam
527 3202 656 3271 nrigrahat
668 3203 702 3257 ad
714 3200 868 3268 Dourinurn,
883 3216 985 3287 ceu-C
1001 3211 1066 3257 tunt.
1083 3200 1118 3256 tlt
1133 3203 1177 3258 ubi
1191 3205 1225 3258 de
1239 3204 1334 3274 spiritu
1354 3202 1541 3260 commendate
1561 3202 1644 3272 coph
1664 3216 1724 3257 esse
1742 3216 1784 3257 se-

162 3267 340 3341 lessiouisque
350 3277 445 3328 merito
456 3272 548 3342 aspicit
556 3271 786 3341 congregationem
797 3269 946 3325 coelestium

163 3346 340 3409 potestatum,
373 3341 400 3395 ui
416 3339 472 3408 jam
486 3341 647 3410 migraturus
660 3349 718 3395 erat
731 3340 764 3396 ad
783 3339 948 3409 provinciam

162 3416 342 3464 mortuorum.
394 3410 408 3463 rt
424 3412 628 3466 intermortuos
648 3411 790 3472 clamabat,
813 3408 858 3476 uui
879 3408 949 3464 inter

162 3477 245 3546 lupos
270 3479 440 3535 coruscabat.
456 3478 533 3542 Ecce,
549 3479 643 3546 irruott,
665 3479 736 3533 rideo
746 3478 821 3533 coetos
835 3486 947 3547 opertos,

161 3557 189 3599 et
200 3545 299 3601 Filium
314 3548 425 3603 leontinis
437 3557 547 3617 stantem
561 3549 596 3602 ad
609 3547 741 3602 dexterum
760 3547 860 3601 Putris.
875 3546 948 3601 Gau-

161 3615 245 3670 deant
257 3618 345 3682 unrici,
360 3620 383 3672 si
398 3618 583 3687 blasphemant
593 3617 702 3672 inimici.
717 3616 774 3672 Non
789 3624 875 3670 taceat
889 3617 949 3672 ovis

161 3686 342 3752 testificando,
365 3687 417 3742 etsi
437 3687 493 3757 lupi
507 3687 623 3745 clamant
636 3685 853 3754 blasphemando.
878 3684 950 3740 Cou-

1002 3287 1090 3337 curus,
1115 3282 1141 3328 et
1156 3288 1205 3342 pro
1219 3273 1333 3329 inimicis
1353 3274 1439 3328 lactus
1452 3280 1494 3326 cst
1505 3271 1661 3338 advocatus,
1685 3278 1711 3325 et
1730 3287 1784 3326 uon

1001 3341 1071 3397 sieut
1084 3357 1133 3412 pro
1148 3358 1177 3397 se
1186 3343 1308 3465 petaliae,
1326 3344 1362 3396 ila
1376 3357 1425 3422 pre
1438 3341 1552 3422 inimicis
1563 3341 1724 3412 interpellat.
1736 3340 1785 3397 llic

1000 3411 1099 3476 stabat,
1114 3426 1184 3480 quon
1204 3410 1366 3467 oClrrrsturn
1379 3411 1501 3479 videbat3
1516 3410 1559 3465 lue
1578 3424 1664 3479 genua
1677 3409 1774 3479 ilgebat

1000 3479 1108 3543 arraudo
1131 3495 1180 3548 pro
1203 3479 1317 3536 iniuricis
1340 3480 1444 3536 orabat.
1469 3479 1526 3549 ipsa
1540 3481 1612 3534 euim
1634 3494 1783 3534 necessarus
1865 3508 1870 3517 ,

1000 3555 1060 3603 erat
1074 3548 1214 3603 advocatio
1227 3564 1277 3618 pro
1292 3548 1373 3603 tantis
1383 3548 1520 3605 ortalibus
1534 3548 1657 3604 iniuricis.
1676 3546 1785 3602 Sciebat

1000 3617 1072 3673 euim
1087 3617 1233 3687 quodcum
1248 3618 1376 3674 Dominus
1393 3617 1470 3673 lesus
1489 3634 1541 3674 non
1556 3619 1610 3673 cito
1629 3625 1720 3687 posset
1733 3632 1783 3670 au·

1000 3686 1069 3755 dire,
1081 3687 1127 3741 sed
1142 3703 1191 3758 pru
1205 3688 1323 3757 ipsorum
1335 3696 1455 3757 peccato,
1472 3704 1525 3743 non
1548 3704 1596 3757 pro
1611 3687 1709 3741 merito
1722 3701 1781 3741 sno.

159 3753 302 3810 cluserunt
321 3757 393 3814 enim
417 3766 519 3811 nrerrtes
534 3771 606 3821 suas,
625 3762 654 3811 et
666 3755 802 3817 dixerunt,
822 3753 948 3822 lilasphe·
996 3754 1064 3810 ideo
1088 3771 1137 3825 pro
1158 3763 1232 3810 tauta
1266 3756 1406 3825 irriurritate
1433 3758 1604 3825 lapidantium
1633 3755 1783 3810 turtreorum

161 3824 259 3878 mavit.
283 3823 340 3879 llne
359 3826 425 3881 elisit
439 3833 466 3880 et
480 3824 596 3894 caiphas
613 3825 737 3894 princeps
749 3821 898 3876 Judaorurn
914 3822 949 3877 de

160 3892 281 3947 heminis
301 3893 369 3948 Filio
393 3896 510 3964 patieute
535 3903 563 3949 et
589 3894 678 3949 etruria
704 3894 845 3951 tolerante.
881 3893 948 3946 Corn

158 3962 235 4016 errim
252 3962 353 4018 diceret
367 3964 493 4018 llrrruious
507 3972 599 4023 noster
611 3963 688 4017 tesus
701 3961 821 4017 Christus
835 3976 948 4029 suspen·

159 4044 209 4084 sus
224 4030 250 4085 in
265 4046 344 4087 eruce
357 4048 364 4085 τ
379 4033 458 4085 durren
474 4033 532 4087 diro
546 4032 625 4095 uobis,
638 4031 730 4086 amodo
745 4028 860 4084 uidebitis
872 4029 949 4084 celes

158 4108 278 4167 apertos.
293 4112 317 4154 et
332 4099 430 4157 Filium
450 4102 561 4157 hominis
579 4112 690 4157 stuuleut
703 4100 738 4154 ed
751 4099 880 4153 deuterum
898 4099 949 4152 t'o-

160 4168 211 4233 tris
236 4168 341 4238 (tlotttr.
367 4186 446 4238 xxvi,
467 4170 529 4293 bip,
562 4170 689 4225 clamavit
709 4167 824 4237 Cutpbas
844 4167 949 4235 diceus,

160 4236 357 4319 Btospheruouit
371 4239 465 4307 libid„
483 4239 499 4291 e
520 4244 538 4310 t.
563 4236 678 4307 caiphas
699 4238 828 4293 conscidit
849 4247 948 4301 vestr-s,

158 4308 206 4360 isti
221 4322 294 4377 tpsas
308 4309 460 4363 clauserunt
470 4317 583 4363 tttcotes.
595 4306 710 4376 Caiptms
724 4315 753 4362 ut
763 4305 851 4362 nodus
863 4322 949 4361 rema-

158 4383 250 4441 neret,
265 4376 308 4431 isti
322 4385 352 4430 ut
363 4378 390 4430 iu
404 4393 451 4431 sua
462 4377 563 4435 malitia
578 4383 775 4444 permanerent.
790 4374 948 4444 Oruagnom

157 4445 335 4501 miraculum!
351 4447 412 4501 creti
427 4447 512 4508 ianuae
523 4447 688 4517 aperiuntur,
702 4454 729 4501 et
742 4445 826 4499 tndtei
845 4453 949 4503 ruentes

157 4514 259 4583 inultas
281 4516 481 4571 concluserunt.
509 4514 561 4571 Sed
585 4523 694 4571 sanetus
719 4513 873 4583 Stephanus
894 4530 949 4567 nou

1000 3838 1086 3893 genua
1098 3825 1204 3893 ligehat,
1221 3825 1351 3896 lacrymas
1364 3826 1525 3890 eluuntur,
1538 3828 1629 3880 dicens
1643 3824 1781 3888 :Dorrrine

1000 3909 1033 3947 ne
1046 3904 1145 3947 statues
1166 3895 1213 3950 hoe
1232 3896 1285 3949 iltis
1306 3895 1341 3948 od
1362 3906 1493 3965 percolunt
1517 3894 1610 3977 (lbids,
1626 3893 1680 3959 ὅθι.
1706 3894 1782 3962 tou,

1000 3966 1151 4033 quicunque
1163 3963 1329 4027 Christiane,
1338 3965 1474 4033 utroruodo
1489 3980 1545 4019 ovis
1555 3966 1605 4019 ista
1620 3965 1646 4017 in
1661 3964 1784 4019 omnibus

1000 4032 1130 4100 sequitur,
1154 4040 1182 4087 et
1202 4044 1335 4103 pastorem
1359 4035 1486 4093 inritatur.
1512 4034 1640 4089 Dominus
1663 4032 1784 4089 Christus

1000 4116 1146 4170 suspensus
1160 4104 1186 4157 in
1200 4119 1281 4158 errice
1295 4102 1426 4158 clamabit
1441 4122 1448 4156 t
1472 4102 1561 4169 Pater,
1581 4105 1607 4156 in
1621 4119 1713 4157 neonus
1728 4112 1784 4157 trrus

1000 4170 1149 4225 continendo
1160 4174 1278 4243 spiritum
1289 4190 1390 4235 merum·
1403 4173 1452 4229 iste
1466 4173 1529 4228 dicit
1539 4172 1673 4233 :Domine
1685 4173 1785 4242 suscipe

1000 4240 1119 4310 spiritum
1139 4258 1230 4295 rneonr.
1246 4242 1373 4296 [lanuinus
1385 4240 1507 4298 Cirristus
1529 4259 1577 4312 pro
1597 4242 1712 4298 iuirnicis
1731 4244 1784 4296 cta·

1000 4316 1057 4362 urat
1069 4327 1075 4361 :
1088 4309 1178 4373 l’eter,
1189 4311 1291 4381 ipnetce
1303 4311 1366 4371 iltis.
1382 4313 1442 4382 pario
1460 4315 1577 4366 nesciunt
1595 4312 1656 4385 quid
1682 4314 1783 4375 ociuut‚·

1001 4378 1051 4432 iste
1063 4376 1148 4432 dicit:
1164 4377 1206 4434 Ne
1220 4390 1319 4433 slutnus
1332 4382 1379 4435 troc
1393 4381 1483 4435 illisio
1498 4391 1637 4448 perentam.
1674 4389 1683 4433 t
1697 4382 1784 4435 maui-

999 4445 1078 4511 lesu,
1095 4446 1191 4501 tratres
1204 4449 1266 4513 urei,
1282 4450 1308 4502 in
1323 4448 1411 4502 ruedio
1428 4450 1600 4518 lapidantium
1616 4450 1726 4503 istrrrum
1737 4450 1784 4518 qui

1000 4518 1115 4583 amplius
1128 4517 1262 4580 seviebat,
1284 4517 1378 4571 beatus
1395 4519 1531 4586 apostotos
1549 4518 1644 4572 Patrius
1666 4533 1784 4587 praesens

157 4584 256 4645 tacuit,
271 4599 325 4641 non
345 4583 450 4646 deiecit,
476 4601 525 4640 uec
539 4583 786 4653 blasphemantibus
800 4582 889 4636 cessit.
912 4581 948 4634 lhi
961 4579 989 4639 «Ὠ
1001 4595 1069 4637 erat.
1085 4584 1112 4639 Si
1136 4599 1199 4653 ergo
1224 4594 1287 4639 tuoe
1307 4585 1416 4640 daretur
1434 4587 1572 4655 Stnplrauo
1593 4587 1626 4641 de
1649 4586 1784 4654 lapidante

156 4653 328 4717 attendebat,
345 4654 387 4708 athi
402 4654 494 4709 oculos
505 4653 593 4709 cordis
603 4652 751 4721 aperiebat.
764 4650 840 4713 lt'cce,
853 4651 947 4718 iuuerit,

156 4721 235 4777 uideo
244 4723 322 4776 eoetos
336 4734 449 4793 apertos,
460 4733 485 4776 et
498 4722 594 4777 Filium
611 4722 720 4789 lerninis
734 4729 844 4774 stantem
858 4719 948 4773 odea-

158 4792 209 4845 trr's
219 4790 280 4846 Dei.
296 4792 348 4847 Sed
361 4793 423 4860 quid
449 4793 511 4847 tuihi
535 4792 678 4847 irascimini
700 4805 749 4859 pro
763 4797 837 4842 tauta
852 4788 948 4843 testiti-

155 4860 281 4922 catione,
295 4858 398 4918 ludaei?
411 4861 533 4929 Nrrnquid
549 4860 736 4928 vrimrjussione
750 4868 796 4912 aut
815 4865 948 4925 potestate

155 4927 290 4999 patefacti
315 4938 378 4984 sunt
396 4931 476 4985 emti?
496 4929 623 4989 Patelueti
643 4936 715 4995 suut,
742 4943 795 4981 non
818 4935 847 4980 ut
860 4941 946 4980 meatu

155 4998 273 5066 gloriam
288 5001 443 5073 proderent,
455 5000 500 5054 sed
517 5009 544 5053 ut
559 5008 693 5069 pastorem
713 5012 801 5051 meum
817 4994 842 5049 io
858 5010 949 5048 rueum

154 5073 293 5121 astantem
307 5069 467 5135 adiutorium
481 5067 705 5123 demonstrarent.
716 5065 891 5120 Considerate
902 5064 948 5131 igi-

156 5144 216 5198 tur,
231 5145 259 5189 et
271 5137 360 5191 ridete
382 5152 462 5217 quaro
477 5138 555 5205 lunge
569 5150 654 5189 ruma
671 5135 755 5196 erulis,
779 5133 881 5205 positus
896 5149 946 5186 vn·

153 5205 264 5258 hiscum
285 5205 313 5259 in
337 5215 424 5261 terris.
450 5204 574 5274 Nurrquid
594 5216 645 5271 ego
668 5203 801 5270 attingere
817 5203 903 5271 potui,
919 5208 946 5254 et

150 5273 256 5343 prunas
273 5289 288 5327 a
308 5276 378 5329 crire
400 5270 547 5331 eoeloruml
569 5271 699 5328 Palatium
712 5287 790 5327 suurn
805 5273 860 5341 ipse
881 5271 946 5324 urlbi

153 5342 268 5424 aperuit
288 5290 415 5403 Borrrinus
442 5345 609 5411 augelorum.
634 5341 729 5396 lterito
748 5338 946 5408 quartarnmodn

153 5413 252 5479 vtdeo,
266 5420 294 5467 et
307 5411 381 5481 quod
396 5412 472 5467 virteo
486 5427 540 5477 uon
555 5420 643 5466 taceo
654 5408 714 5465 Nun
726 5423 787 5462 eum
798 5406 946 5487 contempsi

153 5481 188 5537 itt
204 5494 284 5537 cruce
307 5481 477 5551 pendentem,
499 5481 559 5536 ideo
579 5480 657 5534 video
671 5476 703 5532 ad
725 5476 846 5531 dextram
861 5475 947 5555 Polus

152 5550 310 5606 sedentem.
326 5549 408 5605 Vobis
421 5550 490 5605 istud
503 5558 544 5605 ast
557 5549 647 5603 datum
658 5546 692 5602 dc
704 5546 858 5603 scelestibus
869 5552 948 5599 testr-

153 5620 301 5682 monium;
322 5619 370 5674 sed
389 5619 411 5674 si
426 5633 479 5674 non
493 5618 610 5677 creditis.
634 5630 684 5686 ego
702 5616 766 5684 quid
790 5614 840 5670 teci
854 5614 947 5668 vohis?

152 5688 230 5743 coetl
244 5689 328 5758 aperti
343 5697 470 5743 enarrant
483 5688 594 5757 gloriam
611 5686 658 5740 liei
678 5684 763 5755 (Prot.
779 5699 851 5749 ιιιιιι,
868 5686 905 5810 tp,
920 5690 947 5736 ct

152 5771 215 5833 ego
229 5765 305 5812 urceo
328 5756 538 5813 misericordiam
552 5755 650 5810 Clrriti
675 5755 745 5810 mett
768 5753 853 5810 Video
894 5751 947 5806 lui·

1000 4652 1127 4711 vindicta,
1143 4653 1279 4721 qrrnnrude
1295 4656 1373 4709 talem
1398 4658 1554 4723 magistrum
1576 4656 1712 4710 habuisset
1732 4654 1783 4712 Ec·

1000 4722 1099 4776 crestal
1110 4721 1156 4777 llis
1170 4723 1248 4777 dictis
1261 4725 1349 4778 curisti
1362 4739 1374 4777 s
1395 4725 1493 4789 iritum,
1505 4726 1626 4780 aseendit
1637 4726 1663 4780 iu
1675 4725 1781 4789 emtum,

999 4792 1105 4845 vertiam
1119 4794 1214 4845 meruit
1234 4793 1355 4847 iniurieis.
1371 4740 1494 4847 &austere
1507 4797 1606 4849 nreruit
1620 4795 1646 4849 in
1661 4795 1736 4850 coetis
1749 4795 1783 4849 do

1000 4859 1124 4915 atrricitiis
1137 4861 1208 4915 beati
1223 4860 1297 4914 Pauli
1317 4863 1516 4933 subsequentis,
1531 4865 1592 4934 quio
1608 4865 1664 4934 ipse
1678 4872 1719 4917 est
1731 4864 1784 4919 [lo-

1000 4928 1088 4984 minus
1108 4930 1153 4999 qui
1180 4928 1242 4985 tacit
1255 4932 1373 4985 sterilem
1398 4942 1509 4988 arrotrem
1522 4934 1549 4988 iu
1567 4935 1649 4988 doure
1668 4934 1782 4988 tiliorum

1000 4996 1134 5054 latentem
1147 4998 1232 5070 (Prot.
1245 5017 1308 5059 ortt.
1320 5001 1358 5071 tl).
1371 5000 1439 5056 Eece
1453 5003 1505 5057 hoc
1514 5014 1623 5059 sanetus
1633 5004 1783 5074 Stephanus

1001 5069 1108 5136 tttevuit,
1122 5070 1167 5137 qui
1183 5070 1290 5124 virlelrat
1302 5070 1397 5125 lilium
1419 5073 1534 5127 bominis
1554 5082 1680 5135 stantem,
1704 5089 1782 5144 qrtem

1002 5137 1125 5191 novimus
1151 5139 1183 5191 aul
1209 5138 1347 5193 dexteram
1372 5139 1457 5195 Patris
1480 5142 1627 5197 sedentem.
1658 5142 1784 5199 Petamus

1001 5206 1072 5259 cuim
1086 5215 1117 5260 ut
1129 5206 1282 5275 interpellet
1295 5224 1342 5276 pro
1355 5208 1443 5275 nobis,
1452 5221 1479 5263 et
1488 5225 1537 5279 pro
1546 5213 1662 5279 peccatis
1675 5213 1781 5275 uostris,

1001 5284 1029 5327 et
1042 5283 1119 5355 eruat
1133 5289 1182 5329 nes
1195 5291 1210 5328 a
1224 5277 1304 5331 tantis
1316 5278 1439 5345 periculis
1450 5287 1478 5332 et
1492 5281 1710 5349 parturitionibus
1724 5282 1783 5335 rrrri·

1000 5356 1095 5407 veturs,
1110 5358 1161 5411 pro
1175 5345 1274 5413 pietate
1287 5360 1345 5409 sua,
1367 5361 1420 5400 uon
1438 5362 1487 5416 pro
1502 5349 1666 5404 couscientia
1679 5358 1782 5406 nostra.

1001 5409 1285 5492 Narrrquiautqquantl
1307 5413 1397 5471 tontes
1417 5419 1518 5485 peccati
1541 5420 1626 5472 oustrt
1648 5417 1782 5473 hrrmnmnr

999 5490 1113 5549 possunt
1126 5484 1315 5548 exstingueret
1336 5483 1396 5553 lpse
1408 5487 1532 5551 dignetur
1554 5497 1648 5542 nostra
1669 5488 1782 5543 crimina

998 5550 1115 5617 sepetire
1129 5558 1177 5603 :ut
1194 5552 1264 5605 sieut
1278 5553 1305 5607 io
1318 5565 1491 5609 monumento
1505 5570 1576 5611 novo
1594 5558 1627 5611 ad
1646 5557 1781 5613 modicum

998 5618 1196 5673 commendavit
1215 5620 1334 5675 membra
1349 5636 1406 5685 sua,
1431 5624 1470 5679 sie
1485 5626 1510 5678 in
1525 5623 1599 5681 tonte
1612 5627 1782 5695 indulgentiae

998 5687 1110 5768 sepeliat
1142 5697 1232 5769 ereata
1245 5697 1346 5753 nostra,
1362 5700 1390 5744 ut
1404 5694 1541 5749 nobiscum
1550 5689 1657 5769 semper
1667 5697 1782 5769 gaudea-

998 5770 1058 5809 mus
1072 5770 1098 5810 m
1133 5757 1227 5811 celeste
1241 5766 1421 5819 sacrosancta.
