<?xml version="1.0" encoding="UTF-8"?>
<!DOCTYPE html PUBLIC "-//W3C//DTD XHTML 1.0 Transitional//EN"
    "http://www.w3.org/TR/xhtml1/DTD/xhtml1-transitional.dtd">
<html xmlns="http://www.w3.org/1999/xhtml" xml:lang="en" lang="en">
 <head>
  <title>
</title>
<meta http-equiv="Content-Type" content="text/html;charset=utf-8" />
  <meta name='ocr-system' content='tesseract 3.04.00' />
  <meta name='ocr-capabilities' content='ocr_page ocr_carea ocr_par ocr_line ocrx_word'/>
</head>
<body>
  <div class='ocr_page' id='page_1' title='image "./patrologiaecurs126unkngoog/patrologiaecurs126unkngoog_0014.png"; bbox 0 0 4106 6330; ppageno 0'>
   <div class='ocr_carea' id='block_1_1' title="bbox 212 449 1833 523">
    <p class='ocr_par' dir='ltr' id='par_1_1' title="bbox 212 449 1833 523">
     <span class='ocr_line' id='line_1_1' title="bbox 212 449 1833 523; baseline 0.006 -15"><span class='ocrx_word' id='word_1_1' title='bbox 212 454 247 512; x_wconf 81' lang='lat' dir='ltr'><strong><em>ta</em></strong></span> <span class='ocrx_word' id='word_1_2' title='bbox 740 450 984 523; x_wconf 77' lang='lat' dir='ltr'><strong><em>sapnts&#39;tatss</em></strong></span> <span class='ocrx_word' id='word_1_3' title='bbox 1001 449 1246 510; x_wconf 73' lang='lat' dir='ltr'><strong><em>micaenas</em></strong></span> <span class='ocrx_word' id='word_1_4' title='bbox 1265 456 1297 511; x_wconf 88' lang='grc' dir='ltr'><strong><em>ιι</em></strong></span> <span class='ocrx_word' id='word_1_5' title='bbox 1799 459 1833 517; x_wconf 85' lang='lat' dir='ltr'><strong><em>eo</em></strong></span> 
     </span>
    </p>
   </div>
   <div class='ocr_carea' id='block_1_2' title="bbox 213 565 1835 1995">
    <p class='ocr_par' dir='ltr' id='par_1_2' title="bbox 213 565 1835 1995">
     <span class='ocr_line' id='line_1_2' title="bbox 213 565 1834 654; baseline 0.001 -31"><span class='ocrx_word' id='word_1_6' title='bbox 213 586 291 640; x_wconf 87' lang='lat' dir='ltr'><strong><em>saper</em></strong></span> <span class='ocrx_word' id='word_1_7' title='bbox 300 576 378 639; x_wconf 88' lang='lat' dir='ltr'><strong><em>eaput</em></strong></span> <span class='ocrx_word' id='word_1_8' title='bbox 389 569 455 639; x_wconf 75' lang='lat' dir='ltr'><strong><em>ejas,</em></strong></span> <span class='ocrx_word' id='word_1_9' title='bbox 468 569 666 641; x_wconf 77' lang='lat' dir='ltr'><strong><em>justificansque</em></strong></span> <span class='ocrx_word' id='word_1_10' title='bbox 675 576 782 637; x_wconf 78' lang='lat' dir='ltr'><strong><em>pastum,</em></strong></span> <span class='ocrx_word' id='word_1_11' title='bbox 796 574 821 619; x_wconf 87' lang='lat' dir='ltr'><strong><em>et</em></strong></span> <span class='ocrx_word' id='word_1_12' title='bbox 831 565 1001 620; x_wconf 86' lang='lat' dir='ltr'><strong><em>retribuentes</em></strong></span> <span class='ocrx_word' id='word_1_13' title='bbox 1015 568 1036 622; x_wconf 78' lang='grc' dir='ltr'>Α</span> <span class='ocrx_word' id='word_1_14' title='bbox 1051 581 1113 633; x_wconf 78' lang='lat' dir='ltr'><strong><em>rear,</em></strong></span> <span class='ocrx_word' id='word_1_15' title='bbox 1124 568 1217 654; x_wconf 59' lang='lat' dir='ltr'><strong><em>utsini</em></strong></span> <span class='ocrx_word' id='word_1_16' title='bbox 1230 568 1297 621; x_wconf 82' lang='lat' dir='ltr'><strong><em>osuii</em></strong></span> <span class='ocrx_word' id='word_1_17' title='bbox 1308 569 1345 622; x_wconf 92' lang='lat' dir='ltr'><strong><em>tui</em></strong></span> <span class='ocrx_word' id='word_1_18' title='bbox 1355 572 1437 635; x_wconf 91' lang='lat' dir='ltr'><strong><em>aperti</em></strong></span> <span class='ocrx_word' id='word_1_19' title='bbox 1449 570 1484 624; x_wconf 92' lang='lat' dir='ltr'><strong><em>od</em></strong></span> <span class='ocrx_word' id='word_1_20' title='bbox 1497 571 1701 640; x_wconf 71' lang='lat' dir='ltr'><strong><em>deprecationem</em></strong></span> <span class='ocrx_word' id='word_1_21' title='bbox 1717 573 1782 626; x_wconf 86' lang='lat' dir='ltr'><strong><em>terti</em></strong></span> <span class='ocrx_word' id='word_1_22' title='bbox 1796 574 1834 626; x_wconf 88' lang='lat' dir='ltr'><strong><em>tui</em></strong></span> 
     </span>
     <span class='ocr_line' id='line_1_3' title="bbox 213 654 1832 730; baseline 0.003 -20"><span class='ocrx_word' id='word_1_23' title='bbox 213 658 353 712; x_wconf 85' lang='lat' dir='ltr'><strong><em>secandam</em></strong></span> <span class='ocrx_word' id='word_1_24' title='bbox 359 658 487 727; x_wconf 79' lang='lat' dir='ltr'><strong><em>justitiam</em></strong></span> <span class='ocrx_word' id='word_1_25' title='bbox 497 675 579 712; x_wconf 89' lang='lat' dir='ltr'><strong><em>suam.</em></strong></span> <span class='ocrx_word' id='word_1_26' title='bbox 589 658 619 713; x_wconf 84' lang='lat' dir='ltr'><strong><em>st</em></strong></span> <span class='ocrx_word' id='word_1_27' title='bbox 627 654 721 729; x_wconf 69' lang='lat' dir='ltr'><strong><em>superit</em></strong></span> <span class='ocrx_word' id='word_1_28' title='bbox 732 654 839 727; x_wconf 88' lang='lat' dir='ltr'><strong><em>popuius</em></strong></span> <span class='ocrx_word' id='word_1_29' title='bbox 851 664 906 711; x_wconf 90' lang='lat' dir='ltr'><strong><em>tuas</em></strong></span> <span class='ocrx_word' id='word_1_30' title='bbox 915 654 999 709; x_wconf 88' lang='lat' dir='ltr'><strong><em>bsraei</em></strong></span> <span class='ocrx_word' id='word_1_31' title='bbox 1049 663 1074 708; x_wconf 89' lang='lat' dir='ltr'><strong><em>et</em></strong></span> <span class='ocrx_word' id='word_1_32' title='bbox 1089 657 1176 726; x_wconf 89' lang='lat' dir='ltr'><strong><em>popuii</em></strong></span> <span class='ocrx_word' id='word_1_33' title='bbox 1191 659 1228 711; x_wconf 90' lang='lat' dir='ltr'><strong><em>tui</em></strong></span> <span class='ocrx_word' id='word_1_34' title='bbox 1246 655 1332 711; x_wconf 85' lang='lat' dir='ltr'><strong><em>israei</em></strong></span> <span class='ocrx_word' id='word_1_35' title='bbox 1343 667 1368 711; x_wconf 90' lang='lat' dir='ltr'><strong><em>et</em></strong></span> <span class='ocrx_word' id='word_1_36' title='bbox 1381 658 1504 713; x_wconf 73' lang='lat' dir='ltr'><strong><em>exaudies</em></strong></span> <span class='ocrx_word' id='word_1_37' title='bbox 1520 676 1564 713; x_wconf 90' lang='lat' dir='ltr'><strong><em>eos</em></strong></span> <span class='ocrx_word' id='word_1_38' title='bbox 1580 662 1608 715; x_wconf 90' lang='lat' dir='ltr'><strong><em>in</em></strong></span> <span class='ocrx_word' id='word_1_39' title='bbox 1627 663 1769 725; x_wconf 85' lang='lat' dir='ltr'><strong><em>uniuersis,</em></strong></span> <span class='ocrx_word' id='word_1_40' title='bbox 1785 678 1832 730; x_wconf 88' lang='lat' dir='ltr'><strong><em>pra</em></strong></span> 
     </span>
     <span class='ocr_line' id='line_1_4' title="bbox 213 744 1833 829; baseline 0.004 -31"><span class='ocrx_word' id='word_1_41' title='bbox 213 745 330 800; x_wconf 83' lang='lat' dir='ltr'><strong><em>inimicas</em></strong></span> <span class='ocrx_word' id='word_1_42' title='bbox 339 763 398 801; x_wconf 89' lang='lat' dir='ltr'><strong><em>suas</em></strong></span> <span class='ocrx_word' id='word_1_43' title='bbox 417 746 487 819; x_wconf 76' lang='lat' dir='ltr'><strong><em>(auia</em></strong></span> <span class='ocrx_word' id='word_1_44' title='bbox 497 757 645 817; x_wconf 89' lang='lat' dir='ltr'><strong><em>peccaturus</em></strong></span> <span class='ocrx_word' id='word_1_45' title='bbox 656 758 693 801; x_wconf 87' lang='lat' dir='ltr'><strong><em>est</em></strong></span> <span class='ocrx_word' id='word_1_46' title='bbox 706 745 763 817; x_wconf 77' lang='lat' dir='ltr'><strong><em>tibi)</em></strong></span> <span class='ocrx_word' id='word_1_47' title='bbox 774 756 799 799; x_wconf 90' lang='lat' dir='ltr'><strong><em>et</em></strong></span> <span class='ocrx_word' id='word_1_48' title='bbox 808 745 999 817; x_wconf 79' lang='lat' dir='ltr'><strong><em>epentespoeni·</em></strong></span> <span class='ocrx_word' id='word_1_49' title='bbox 1048 744 1138 815; x_wconf 84' lang='lat' dir='ltr'><strong><em>quibus</em></strong></span> <span class='ocrx_word' id='word_1_50' title='bbox 1151 747 1324 801; x_wconf 81' lang='lat' dir='ltr'><strong><em>inuocauerint</em></strong></span> <span class='ocrx_word' id='word_1_51' title='bbox 1334 756 1368 802; x_wconf 85' lang='lat' dir='ltr'><strong><em>te.</em></strong></span> <span class='ocrx_word' id='word_1_52' title='bbox 1383 747 1421 802; x_wconf 86' lang='lat' dir='ltr'><strong><em>Ta</em></strong></span> <span class='ocrx_word' id='word_1_53' title='bbox 1434 750 1503 803; x_wconf 84' lang='lat' dir='ltr'><strong><em>ertim</em></strong></span> <span class='ocrx_word' id='word_1_54' title='bbox 1514 752 1640 820; x_wconf 71' lang='lat' dir='ltr'><strong><em>separasti</em></strong></span> <span class='ocrx_word' id='word_1_55' title='bbox 1652 767 1695 805; x_wconf 88' lang='lat' dir='ltr'><strong><em>eos</em></strong></span> <span class='ocrx_word' id='word_1_56' title='bbox 1709 752 1736 805; x_wconf 90' lang='lat' dir='ltr'><strong><em>in</em></strong></span> <span class='ocrx_word' id='word_1_57' title='bbox 1750 751 1833 829; x_wconf 81' lang='lat' dir='ltr'><strong><em>itare·</em></strong></span> 
     </span>
     <span class='ocr_line' id='line_1_5' title="bbox 214 834 1834 915; baseline 0.004 -27"><span class='ocrx_word' id='word_1_58' title='bbox 214 834 330 899; x_wconf 83' lang='lat' dir='ltr'><strong><em>tentiam,</em></strong></span> <span class='ocrx_word' id='word_1_59' title='bbox 346 846 371 890; x_wconf 90' lang='lat' dir='ltr'><strong><em>et</em></strong></span> <span class='ocrx_word' id='word_1_60' title='bbox 384 838 535 905; x_wconf 76' lang='lat' dir='ltr'><strong><em>confitentes</em></strong></span> <span class='ocrx_word' id='word_1_61' title='bbox 545 839 642 892; x_wconf 88' lang='lat' dir='ltr'><strong><em>nomini</em></strong></span> <span class='ocrx_word' id='word_1_62' title='bbox 658 848 710 904; x_wconf 89' lang='lat' dir='ltr'><strong><em>tua,</em></strong></span> <span class='ocrx_word' id='word_1_63' title='bbox 722 836 845 902; x_wconf 88' lang='lat' dir='ltr'><strong><em>uenerint,</em></strong></span> <span class='ocrx_word' id='word_1_64' title='bbox 867 846 891 890; x_wconf 89' lang='lat' dir='ltr'><strong><em>et</em></strong></span> <span class='ocrx_word' id='word_1_65' title='bbox 910 853 999 891; x_wconf 82' lang='lat' dir='ltr'><strong><em>arare·</em></strong></span> <span class='ocrx_word' id='word_1_66' title='bbox 1049 835 1156 915; x_wconf 89' lang='lat' dir='ltr'><strong><em>ditatem</em></strong></span> <span class='ocrx_word' id='word_1_67' title='bbox 1166 836 1198 890; x_wconf 88' lang='lat' dir='ltr'><strong><em>de</em></strong></span> <span class='ocrx_word' id='word_1_68' title='bbox 1208 838 1332 892; x_wconf 79' lang='lat' dir='ltr'><strong><em>uniuersis</em></strong></span> <span class='ocrx_word' id='word_1_69' title='bbox 1344 840 1446 910; x_wconf 80' lang='lat' dir='ltr'><strong><em>popidis</em></strong></span> <span class='ocrx_word' id='word_1_70' title='bbox 1462 849 1545 903; x_wconf 82' lang='lat' dir='ltr'><strong><em>terrae,</em></strong></span> <span class='ocrx_word' id='word_1_71' title='bbox 1561 840 1627 894; x_wconf 83' lang='lat' dir='ltr'><strong><em>sicat</em></strong></span> <span class='ocrx_word' id='word_1_72' title='bbox 1637 840 1736 896; x_wconf 88' lang='lat' dir='ltr'><strong><em>ioeutus</em></strong></span> <span class='ocrx_word' id='word_1_73' title='bbox 1750 857 1777 895; x_wconf 92' lang='lat' dir='ltr'><strong><em>es</em></strong></span> <span class='ocrx_word' id='word_1_74' title='bbox 1788 857 1834 912; x_wconf 89' lang='lat' dir='ltr'><strong><em>per</em></strong></span> 
     </span>
     <span class='ocr_line' id='line_1_6' title="bbox 213 923 1834 1001; baseline 0.004 -24"><span class='ocrx_word' id='word_1_75' title='bbox 213 926 274 986; x_wconf 87' lang='lat' dir='ltr'><strong><em>rint,</em></strong></span> <span class='ocrx_word' id='word_1_76' title='bbox 286 933 312 979; x_wconf 90' lang='lat' dir='ltr'><strong><em>et</em></strong></span> <span class='ocrx_word' id='word_1_77' title='bbox 325 925 452 995; x_wconf 83' lang='lat' dir='ltr'><strong><em>deprecati</em></strong></span> <span class='ocrx_word' id='word_1_78' title='bbox 466 936 490 980; x_wconf 90' lang='lat' dir='ltr'><strong><em>te</em></strong></span> <span class='ocrx_word' id='word_1_79' title='bbox 499 928 594 998; x_wconf 75' lang='lat' dir='ltr'><strong><em>fuerim</em></strong></span> <span class='ocrx_word' id='word_1_80' title='bbox 603 927 630 979; x_wconf 89' lang='lat' dir='ltr'><strong><em>itt</em></strong></span> <span class='ocrx_word' id='word_1_81' title='bbox 640 926 716 979; x_wconf 91' lang='lat' dir='ltr'><strong><em>domo</em></strong></span> <span class='ocrx_word' id='word_1_82' title='bbox 724 925 780 989; x_wconf 86' lang='lat' dir='ltr'><strong><em>bae,</em></strong></span> <span class='ocrx_word' id='word_1_83' title='bbox 791 925 998 991; x_wconf 76' lang='lat' dir='ltr'><strong><em>exaudiineoeio,</em></strong></span> <span class='ocrx_word' id='word_1_84' title='bbox 1026 992 1032 1001; x_wconf 89' lang='lat'>.</span> <span class='ocrx_word' id='word_1_85' title='bbox 1047 923 1140 979; x_wconf 79' lang='lat' dir='ltr'><strong><em>biosen</em></strong></span> <span class='ocrx_word' id='word_1_86' title='bbox 1151 943 1250 980; x_wconf 83' lang='lat' dir='ltr'><strong><em>serrum</em></strong></span> <span class='ocrx_word' id='word_1_87' title='bbox 1266 937 1345 994; x_wconf 88' lang='lat' dir='ltr'><strong><em>tuum,</em></strong></span> <span class='ocrx_word' id='word_1_88' title='bbox 1358 929 1459 998; x_wconf 81' lang='lat' dir='ltr'><strong><em>quando</em></strong></span> <span class='ocrx_word' id='word_1_89' title='bbox 1469 929 1580 984; x_wconf 72' lang='lat' dir='ltr'><strong><em>eduxisti</em></strong></span> <span class='ocrx_word' id='word_1_90' title='bbox 1591 938 1677 1000; x_wconf 89' lang='lat' dir='ltr'><strong><em>patres</em></strong></span> <span class='ocrx_word' id='word_1_91' title='bbox 1690 938 1791 986; x_wconf 92' lang='lat' dir='ltr'><strong><em>nastros</em></strong></span> <span class='ocrx_word' id='word_1_92' title='bbox 1802 930 1834 984; x_wconf 90' lang='lat' dir='ltr'><strong><em>de</em></strong></span> 
     </span>
     <span class='ocr_line' id='line_1_7' title="bbox 213 1012 1835 1087; baseline 0.003 -21"><span class='ocrx_word' id='word_1_93' title='bbox 213 1023 237 1066; x_wconf 88' lang='lat' dir='ltr'><strong><em>st</em></strong></span> <span class='ocrx_word' id='word_1_94' title='bbox 250 1013 349 1067; x_wconf 87' lang='lat' dir='ltr'><strong><em>dimitte</em></strong></span> <span class='ocrx_word' id='word_1_95' title='bbox 361 1012 491 1084; x_wconf 85' lang='lat' dir='ltr'><strong><em>peecatain</em></strong></span> <span class='ocrx_word' id='word_1_96' title='bbox 501 1014 635 1086; x_wconf 88' lang='lat' dir='ltr'><strong><em>popuiitui</em></strong></span> <span class='ocrx_word' id='word_1_97' title='bbox 646 1012 740 1080; x_wconf 82' lang='lat' dir='ltr'><strong><em>israel,</em></strong></span> <span class='ocrx_word' id='word_1_98' title='bbox 754 1026 778 1069; x_wconf 90' lang='lat' dir='ltr'><strong><em>et</em></strong></span> <span class='ocrx_word' id='word_1_99' title='bbox 793 1015 896 1070; x_wconf 81' lang='lat' dir='ltr'><strong><em>reduces</em></strong></span> <span class='ocrx_word' id='word_1_100' title='bbox 919 1033 961 1070; x_wconf 86' lang='lat' dir='ltr'><strong><em>eos</em></strong></span> <span class='ocrx_word' id='word_1_101' title='bbox 972 1016 999 1070; x_wconf 91' lang='lat' dir='ltr'><strong><em>its</em></strong></span> <span class='ocrx_word' id='word_1_102' title='bbox 1049 1019 1119 1067; x_wconf 83' lang='lat' dir='ltr'><strong><em>terra</em></strong></span> <span class='ocrx_word' id='word_1_103' title='bbox 1137 1012 1246 1087; x_wconf 80' lang='lat' dir='ltr'><strong><em>AEpppti</em></strong></span> <span class='ocrx_word' id='word_1_104' title='bbox 1269 1014 1418 1087; x_wconf 78' lang='lat' dir='ltr'><strong><em>(AEpppta),</em></strong></span> <span class='ocrx_word' id='word_1_105' title='bbox 1437 1015 1546 1071; x_wconf 89' lang='lat' dir='ltr'><strong><em>Domine</em></strong></span> <span class='ocrx_word' id='word_1_106' title='bbox 1565 1016 1644 1073; x_wconf 87' lang='lat' dir='ltr'><strong><em>Deus.</em></strong></span> <span class='ocrx_word' id='word_1_107' title='bbox 1666 1012 1778 1073; x_wconf 77' lang='lat' dir='ltr'><strong><em>Factum</em></strong></span> <span class='ocrx_word' id='word_1_108' title='bbox 1795 1029 1835 1073; x_wconf 86' lang='lat' dir='ltr'><strong><em>ess</em></strong></span> 
     </span>
     <span class='ocr_line' id='line_1_8' title="bbox 214 1103 1832 1177; baseline 0.006 -23"><span class='ocrx_word' id='word_1_109' title='bbox 214 1112 309 1156; x_wconf 86' lang='lat' dir='ltr'><strong><em>terram</em></strong></span> <span class='ocrx_word' id='word_1_110' title='bbox 333 1118 409 1175; x_wconf 78' lang='lat' dir='ltr'><strong><em>auam</em></strong></span> <span class='ocrx_word' id='word_1_111' title='bbox 437 1103 531 1158; x_wconf 74' lang='lat' dir='ltr'><strong><em>desiisti</em></strong></span> <span class='ocrx_word' id='word_1_112' title='bbox 552 1104 668 1174; x_wconf 86' lang='lat' dir='ltr'><strong><em>patribus</em></strong></span> <span class='ocrx_word' id='word_1_113' title='bbox 693 1120 790 1158; x_wconf 83' lang='lat' dir='ltr'><strong><em>eoruns.</em></strong></span> <span class='ocrx_word' id='word_1_114' title='bbox 822 1104 856 1161; x_wconf 87' lang='lat' dir='ltr'><strong><em>Si</em></strong></span> <span class='ocrx_word' id='word_1_115' title='bbox 883 1105 999 1160; x_wconf 87' lang='lat' dir='ltr'><strong><em>ciausum</em></strong></span> <span class='ocrx_word' id='word_1_116' title='bbox 1050 1107 1375 1177; x_wconf 83' lang='lat' dir='ltr'><strong><em>autem,eumcompiesset</em></strong></span> <span class='ocrx_word' id='word_1_117' title='bbox 1393 1107 1518 1163; x_wconf 79' lang='lat' dir='ltr'><strong><em>Salomon</em></strong></span> <span class='ocrx_word' id='word_1_118' title='bbox 1531 1126 1609 1163; x_wconf 80' lang='lat' dir='ltr'><strong><em>araas</em></strong></span> <span class='ocrx_word' id='word_1_119' title='bbox 1624 1108 1763 1163; x_wconf 75' lang='lat' dir='ltr'><strong><em>Dominam</em></strong></span> <span class='ocrx_word' id='word_1_120' title='bbox 1778 1126 1832 1165; x_wconf 85' lang='lat' dir='ltr'><strong><em>ota·</em></strong></span> 
     </span>
     <span class='ocr_line' id='line_1_9' title="bbox 215 1192 1833 1268; baseline 0.004 -23"><span class='ocrx_word' id='word_1_121' title='bbox 215 1192 292 1261; x_wconf 72' lang='lat' dir='ltr'><strong><em>(uerit</em></strong></span> <span class='ocrx_word' id='word_1_122' title='bbox 314 1193 404 1248; x_wconf 83' lang='lat' dir='ltr'><strong><em>caium</em></strong></span> <span class='ocrx_word' id='word_1_123' title='bbox 426 1202 451 1247; x_wconf 89' lang='lat' dir='ltr'><strong><em>et</em></strong></span> <span class='ocrx_word' id='word_1_124' title='bbox 473 1210 526 1247; x_wconf 89' lang='lat' dir='ltr'><strong><em>non</em></strong></span> <span class='ocrx_word' id='word_1_125' title='bbox 548 1194 641 1265; x_wconf 87' lang='lat' dir='ltr'><strong><em>piaerit</em></strong></span> <span class='ocrx_word' id='word_1_126' title='bbox 672 1205 777 1266; x_wconf 84' lang='lat' dir='ltr'><strong><em>propter</em></strong></span> <span class='ocrx_word' id='word_1_127' title='bbox 798 1207 929 1266; x_wconf 84' lang='lat' dir='ltr'><strong><em>peecatum</em></strong></span> <span class='ocrx_word' id='word_1_128' title='bbox 953 1215 999 1253; x_wconf 80' lang='lat' dir='ltr'><strong><em>aa·</em></strong></span> <span class='ocrx_word' id='word_1_129' title='bbox 1049 1197 1510 1268; x_wconf 86' lang='lat' dir='ltr'><strong><em>nemarationernetdepreaatianem</em></strong></span> <span class='ocrx_word' id='word_1_130' title='bbox 1520 1198 1833 1263; x_wconf 83' lang='lat' dir='ltr'><strong><em>bano‚surreaitdeeaa·</em></strong></span> 
     </span>
     <span class='ocr_line' id='line_1_10' title="bbox 214 1284 1833 1363; baseline 0.007 -30"><span class='ocrx_word' id='word_1_131' title='bbox 214 1296 281 1347; x_wconf 86' lang='lat' dir='ltr'><strong><em>rum,</em></strong></span> <span class='ocrx_word' id='word_1_132' title='bbox 296 1292 322 1337; x_wconf 90' lang='lat' dir='ltr'><strong><em>et</em></strong></span> <span class='ocrx_word' id='word_1_133' title='bbox 334 1292 438 1338; x_wconf 87' lang='lat' dir='ltr'><strong><em>orantes</em></strong></span> <span class='ocrx_word' id='word_1_134' title='bbox 459 1285 486 1338; x_wconf 89' lang='lat' dir='ltr'><strong><em>in</em></strong></span> <span class='ocrx_word' id='word_1_135' title='bbox 506 1284 563 1339; x_wconf 89' lang='lat' dir='ltr'><strong><em>iaco</em></strong></span> <span class='ocrx_word' id='word_1_136' title='bbox 582 1284 633 1338; x_wconf 88' lang='lat' dir='ltr'><strong><em>isto</em></strong></span> <span class='ocrx_word' id='word_1_137' title='bbox 648 1286 824 1355; x_wconf 72' lang='lat' dir='ltr'><strong><em>penitentiam</em></strong></span> <span class='ocrx_word' id='word_1_138' title='bbox 842 1287 939 1358; x_wconf 77' lang='lat' dir='ltr'><strong><em>operiat</em></strong></span> <span class='ocrx_word' id='word_1_139' title='bbox 953 1305 1001 1342; x_wconf 92' lang='lat' dir='ltr'><strong><em>na·</em></strong></span> <span class='ocrx_word' id='word_1_140' title='bbox 1049 1297 1136 1355; x_wconf 86' lang='lat' dir='ltr'><strong><em>speetu</em></strong></span> <span class='ocrx_word' id='word_1_141' title='bbox 1150 1285 1242 1341; x_wconf 89' lang='lat' dir='ltr'><strong><em>attaris</em></strong></span> <span class='ocrx_word' id='word_1_142' title='bbox 1256 1285 1371 1342; x_wconf 80' lang='lat' dir='ltr'><strong><em>Domitii.</em></strong></span> <span class='ocrx_word' id='word_1_143' title='bbox 1387 1288 1525 1363; x_wconf 77' lang='lat' dir='ltr'><strong><em>Dtmnvpae</em></strong></span> <span class='ocrx_word' id='word_1_144' title='bbox 1543 1292 1612 1345; x_wconf 88' lang='lat' dir='ltr'><strong><em>enim</em></strong></span> <span class='ocrx_word' id='word_1_145' title='bbox 1631 1306 1696 1361; x_wconf 78' lang='lat' dir='ltr'><strong><em>posu</em></strong></span> <span class='ocrx_word' id='word_1_146' title='bbox 1714 1291 1742 1345; x_wconf 92' lang='lat' dir='ltr'><strong><em>in</em></strong></span> <span class='ocrx_word' id='word_1_147' title='bbox 1763 1300 1833 1345; x_wconf 81' lang='lat' dir='ltr'><strong><em>terra</em></strong></span> 
     </span>
     <span class='ocr_line' id='line_1_11' title="bbox 214 1374 1833 1457; baseline 0.006 -32"><span class='ocrx_word' id='word_1_148' title='bbox 214 1374 279 1426; x_wconf 89' lang='lat' dir='ltr'><strong><em>atini</em></strong></span> <span class='ocrx_word' id='word_1_149' title='bbox 297 1378 351 1438; x_wconf 89' lang='lat' dir='ltr'><strong><em>tao,</em></strong></span> <span class='ocrx_word' id='word_1_150' title='bbox 369 1382 394 1427; x_wconf 89' lang='lat' dir='ltr'><strong><em>et</em></strong></span> <span class='ocrx_word' id='word_1_151' title='bbox 412 1391 428 1427; x_wconf 93' lang='lat' dir='ltr'><strong><em>a</em></strong></span> <span class='ocrx_word' id='word_1_152' title='bbox 447 1376 557 1444; x_wconf 87' lang='lat' dir='ltr'><strong><em>peccatis</em></strong></span> <span class='ocrx_word' id='word_1_153' title='bbox 577 1376 630 1428; x_wconf 90' lang='lat' dir='ltr'><strong><em>suis</em></strong></span> <span class='ocrx_word' id='word_1_154' title='bbox 648 1377 763 1430; x_wconf 78' lang='lat' dir='ltr'><strong><em>aottsersi</em></strong></span> <span class='ocrx_word' id='word_1_155' title='bbox 783 1378 879 1448; x_wconf 73' lang='lat' dir='ltr'><strong><em>[aerim</em></strong></span> <span class='ocrx_word' id='word_1_156' title='bbox 897 1388 1000 1449; x_wconf 86' lang='lat' dir='ltr'><strong><em>propter</em></strong></span> <span class='ocrx_word' id='word_1_157' title='bbox 1049 1375 1153 1445; x_wconf 70' lang='lat' dir='ltr'><strong><em>fixerat.</em></strong></span> <span class='ocrx_word' id='word_1_158' title='bbox 1165 1381 1461 1449; x_wconf 84' lang='lat' dir='ltr'><strong><em>etrnanuseapandertst</em></strong></span> <span class='ocrx_word' id='word_1_159' title='bbox 1473 1381 1508 1434; x_wconf 89' lang='lat' dir='ltr'><strong><em>ad</em></strong></span> <span class='ocrx_word' id='word_1_160' title='bbox 1520 1381 1620 1457; x_wconf 82' lang='lat' dir='ltr'><strong><em>coetum.</em></strong></span> <span class='ocrx_word' id='word_1_161' title='bbox 1638 1380 1716 1437; x_wconf 87' lang='lat' dir='ltr'><strong><em>Stetit</em></strong></span> <span class='ocrx_word' id='word_1_162' title='bbox 1725 1397 1796 1452; x_wconf 72' lang='lat' dir='ltr'><strong><em>erpo,</em></strong></span> <span class='ocrx_word' id='word_1_163' title='bbox 1808 1392 1833 1436; x_wconf 84' lang='lat' dir='ltr'><strong><em>at</em></strong></span> 
     </span>
     <span class='ocr_line' id='line_1_12' title="bbox 214 1460 1830 1545; baseline 0.01 -33"><span class='ocrx_word' id='word_1_164' title='bbox 214 1460 377 1529; x_wconf 71' lang='lat' dir='ltr'><strong><em>afflictionem</em></strong></span> <span class='ocrx_word' id='word_1_165' title='bbox 390 1480 473 1527; x_wconf 84' lang='lat' dir='ltr'><strong><em>suam,</em></strong></span> <span class='ocrx_word' id='word_1_166' title='bbox 491 1463 585 1518; x_wconf 75' lang='lat' dir='ltr'><strong><em>exaudi</em></strong></span> <span class='ocrx_word' id='word_1_167' title='bbox 600 1481 643 1519; x_wconf 90' lang='lat' dir='ltr'><strong><em>eos</em></strong></span> <span class='ocrx_word' id='word_1_168' title='bbox 657 1465 684 1520; x_wconf 90' lang='lat' dir='ltr'><strong><em>in</em></strong></span> <span class='ocrx_word' id='word_1_169' title='bbox 697 1466 771 1534; x_wconf 83' lang='lat' dir='ltr'><strong><em>caio,</em></strong></span> <span class='ocrx_word' id='word_1_170' title='bbox 788 1476 814 1521; x_wconf 87' lang='lat' dir='ltr'><strong><em>et</em></strong></span> <span class='ocrx_word' id='word_1_171' title='bbox 831 1467 929 1523; x_wconf 89' lang='lat' dir='ltr'><strong><em>dimitte</em></strong></span> <span class='ocrx_word' id='word_1_172' title='bbox 942 1486 1000 1539; x_wconf 85' lang='lat' dir='ltr'><strong><em>pee—</em></strong></span> <span class='ocrx_word' id='word_1_173' title='bbox 1050 1464 1180 1520; x_wconf 70' lang='lat' dir='ltr'><strong><em>benedixit</em></strong></span> <span class='ocrx_word' id='word_1_174' title='bbox 1196 1470 1266 1523; x_wconf 89' lang='lat' dir='ltr'><strong><em>amtti</em></strong></span> <span class='ocrx_word' id='word_1_175' title='bbox 1283 1469 1397 1525; x_wconf 74' lang='lat' dir='ltr'><strong><em>eaobsioe</em></strong></span> <span class='ocrx_word' id='word_1_176' title='bbox 1411 1469 1510 1536; x_wconf 71' lang='lat' dir='ltr'><strong><em>isram,</em></strong></span> <span class='ocrx_word' id='word_1_177' title='bbox 1532 1489 1597 1537; x_wconf 78' lang='lat' dir='ltr'><strong><em>uoce,</em></strong></span> <span class='ocrx_word' id='word_1_178' title='bbox 1608 1490 1704 1545; x_wconf 78' lang='lat' dir='ltr'><strong><em>mapsa</em></strong></span> <span class='ocrx_word' id='word_1_179' title='bbox 1718 1474 1830 1528; x_wconf 79' lang='lat' dir='ltr'><strong><em>disens:</em></strong></span> 
     </span>
     <span class='ocr_line' id='line_1_13' title="bbox 213 1552 1831 1642; baseline 0.011 -41"><span class='ocrx_word' id='word_1_180' title='bbox 213 1559 272 1603; x_wconf 83' lang='lat' dir='ltr'><strong><em>rata</em></strong></span> <span class='ocrx_word' id='word_1_181' title='bbox 285 1567 416 1606; x_wconf 87' lang='lat' dir='ltr'><strong><em>serramm</em></strong></span> <span class='ocrx_word' id='word_1_182' title='bbox 430 1561 541 1620; x_wconf 81' lang='lat' dir='ltr'><strong><em>tuorum,</em></strong></span> <span class='ocrx_word' id='word_1_183' title='bbox 556 1564 580 1607; x_wconf 91' lang='lat' dir='ltr'><strong><em>et</em></strong></span> <span class='ocrx_word' id='word_1_184' title='bbox 592 1555 679 1624; x_wconf 83' lang='lat' dir='ltr'><strong><em>papati</em></strong></span> <span class='ocrx_word' id='word_1_185' title='bbox 697 1555 734 1608; x_wconf 90' lang='lat' dir='ltr'><strong><em>tai</em></strong></span> <span class='ocrx_word' id='word_1_186' title='bbox 753 1554 884 1626; x_wconf 86' lang='lat' dir='ltr'><strong><em>israei,et</em></strong></span> <span class='ocrx_word' id='word_1_187' title='bbox 897 1560 1000 1614; x_wconf 84' lang='lat' dir='ltr'><strong><em>ostende</em></strong></span> <span class='ocrx_word' id='word_1_188' title='bbox 1051 1552 1201 1610; x_wconf 72' lang='lat' dir='ltr'><strong><em>Benedictis</em></strong></span> <span class='ocrx_word' id='word_1_189' title='bbox 1222 1556 1360 1626; x_wconf 71' lang='lat' dir='ltr'><strong><em>Demisisti,</em></strong></span> <span class='ocrx_word' id='word_1_190' title='bbox 1381 1561 1425 1633; x_wconf 79' lang='lat' dir='ltr'><strong><em>qai</em></strong></span> <span class='ocrx_word' id='word_1_191' title='bbox 1447 1561 1518 1616; x_wconf 87' lang='lat' dir='ltr'><strong><em>dedit</em></strong></span> <span class='ocrx_word' id='word_1_192' title='bbox 1539 1565 1651 1635; x_wconf 77' lang='lat' dir='ltr'><strong><em>requiem</em></strong></span> <span class='ocrx_word' id='word_1_193' title='bbox 1671 1564 1765 1635; x_wconf 77' lang='lat' dir='ltr'><strong><em>papate</em></strong></span> <span class='ocrx_word' id='word_1_194' title='bbox 1785 1582 1831 1642; x_wconf 80' lang='lat' dir='ltr'><strong><em>sup</em></strong></span> 
     </span>
     <span class='ocr_line' id='line_1_14' title="bbox 214 1642 1833 1722; baseline 0.009 -28"><span class='ocrx_word' id='word_1_195' title='bbox 214 1642 328 1696; x_wconf 88' lang='lat' dir='ltr'><strong><em>eisoiam</em></strong></span> <span class='ocrx_word' id='word_1_196' title='bbox 341 1642 445 1708; x_wconf 83' lang='lat' dir='ltr'><strong><em>barsam,</em></strong></span> <span class='ocrx_word' id='word_1_197' title='bbox 455 1662 502 1715; x_wconf 89' lang='lat' dir='ltr'><strong><em>per</em></strong></span> <span class='ocrx_word' id='word_1_198' title='bbox 514 1662 590 1716; x_wconf 83' lang='lat' dir='ltr'><strong><em>qaam</em></strong></span> <span class='ocrx_word' id='word_1_199' title='bbox 603 1645 742 1711; x_wconf 84' lang='lat' dir='ltr'><strong><em>atttbttient,</em></strong></span> <span class='ocrx_word' id='word_1_200' title='bbox 754 1658 779 1701; x_wconf 87' lang='lat' dir='ltr'><strong><em>et</em></strong></span> <span class='ocrx_word' id='word_1_201' title='bbox 789 1648 822 1702; x_wconf 90' lang='lat' dir='ltr'><strong><em>da</em></strong></span> <span class='ocrx_word' id='word_1_202' title='bbox 834 1652 945 1718; x_wconf 87' lang='lat' dir='ltr'><strong><em>ptuoiam</em></strong></span> <span class='ocrx_word' id='word_1_203' title='bbox 958 1667 987 1706; x_wconf 85' lang='lat' dir='ltr'><strong><em>su</em></strong></span> <span class='ocrx_word' id='word_1_204' title='bbox 1050 1645 1136 1702; x_wconf 85' lang='lat' dir='ltr'><strong><em>israei</em></strong></span> <span class='ocrx_word' id='word_1_205' title='bbox 1150 1648 1228 1719; x_wconf 77' lang='lat' dir='ltr'><strong><em>juata</em></strong></span> <span class='ocrx_word' id='word_1_206' title='bbox 1249 1652 1410 1722; x_wconf 79' lang='lat' dir='ltr'><strong><em>omniaque</em></strong></span> <span class='ocrx_word' id='word_1_207' title='bbox 1429 1653 1530 1707; x_wconf 87' lang='lat' dir='ltr'><strong><em>iocatus</em></strong></span> <span class='ocrx_word' id='word_1_208' title='bbox 1548 1662 1601 1718; x_wconf 89' lang='lat' dir='ltr'><strong><em>est,·</em></strong></span> <span class='ocrx_word' id='word_1_209' title='bbox 1620 1670 1671 1707; x_wconf 89' lang='lat' dir='ltr'><strong><em>non</em></strong></span> <span class='ocrx_word' id='word_1_210' title='bbox 1689 1655 1781 1708; x_wconf 86' lang='lat' dir='ltr'><strong><em>cecidit</em></strong></span> <span class='ocrx_word' id='word_1_211' title='bbox 1800 1671 1833 1709; x_wconf 89' lang='lat' dir='ltr'><strong><em>ne</em></strong></span> 
     </span>
     <span class='ocr_line' id='line_1_15' title="bbox 215 1733 1834 1814; baseline 0.009 -30"><span class='ocrx_word' id='word_1_212' title='bbox 215 1745 260 1798; x_wconf 88' lang='lat' dir='ltr'><strong><em>per</em></strong></span> <span class='ocrx_word' id='word_1_213' title='bbox 277 1739 381 1798; x_wconf 78' lang='lat' dir='ltr'><strong><em>terrain,</em></strong></span> <span class='ocrx_word' id='word_1_214' title='bbox 396 1749 472 1804; x_wconf 70' lang='lat' dir='ltr'><strong><em>mam</em></strong></span> <span class='ocrx_word' id='word_1_215' title='bbox 486 1733 579 1788; x_wconf 88' lang='lat' dir='ltr'><strong><em>dedisti</em></strong></span> <span class='ocrx_word' id='word_1_216' title='bbox 592 1736 687 1806; x_wconf 78' lang='lat' dir='ltr'><strong><em>papeia</em></strong></span> <span class='ocrx_word' id='word_1_217' title='bbox 707 1747 749 1791; x_wconf 86' lang='lat' dir='ltr'><strong><em>tna</em></strong></span> <span class='ocrx_word' id='word_1_218' title='bbox 762 1739 789 1792; x_wconf 89' lang='lat' dir='ltr'><strong><em>itt</em></strong></span> <span class='ocrx_word' id='word_1_219' title='bbox 802 1740 997 1807; x_wconf 76' lang='lat' dir='ltr'><strong><em>passessionem.</em></strong></span> <span class='ocrx_word' id='word_1_220' title='bbox 1049 1751 1115 1790; x_wconf 88' lang='lat' dir='ltr'><strong><em>anus</em></strong></span> <span class='ocrx_word' id='word_1_221' title='bbox 1126 1735 1227 1807; x_wconf 77' lang='lat' dir='ltr'><strong><em>attidem</em></strong></span> <span class='ocrx_word' id='word_1_222' title='bbox 1237 1753 1321 1791; x_wconf 89' lang='lat' dir='ltr'><strong><em>sermo</em></strong></span> <span class='ocrx_word' id='word_1_223' title='bbox 1331 1739 1358 1791; x_wconf 87' lang='lat' dir='ltr'><strong><em>itt</em></strong></span> <span class='ocrx_word' id='word_1_224' title='bbox 1371 1739 1488 1793; x_wconf 80' lang='lat' dir='ltr'><strong><em>omuibus</em></strong></span> <span class='ocrx_word' id='word_1_225' title='bbox 1501 1740 1544 1813; x_wconf 81' lang='lat' dir='ltr'><strong><em>(ea</em></strong></span> <span class='ocrx_word' id='word_1_226' title='bbox 1556 1741 1673 1795; x_wconf 85' lang='lat' dir='ltr'><strong><em>amnibus</em></strong></span> <span class='ocrx_word' id='word_1_227' title='bbox 1684 1740 1767 1811; x_wconf 75' lang='lat' dir='ltr'><strong><em>bonis)</em></strong></span> <span class='ocrx_word' id='word_1_228' title='bbox 1778 1759 1834 1814; x_wconf 79' lang='lat' dir='ltr'><strong><em>atta</em></strong></span> 
     </span>
     <span class='ocr_line' id='line_1_16' title="bbox 217 1816 1833 1899; baseline 0.011 -29"><span class='ocrx_word' id='word_1_229' title='bbox 217 1816 311 1873; x_wconf 84' lang='lat' dir='ltr'><strong><em>b&#39;atnes</em></strong></span> <span class='ocrx_word' id='word_1_230' title='bbox 331 1823 354 1874; x_wconf 84' lang='lat' dir='ltr'><strong><em>si</em></strong></span> <span class='ocrx_word' id='word_1_231' title='bbox 375 1821 466 1877; x_wconf 85' lang='lat' dir='ltr'><strong><em>aborta</em></strong></span> <span class='ocrx_word' id='word_1_232' title='bbox 490 1824 609 1882; x_wconf 76' lang='lat' dir='ltr'><strong><em>fueritin</em></strong></span> <span class='ocrx_word' id='word_1_233' title='bbox 627 1835 705 1892; x_wconf 77' lang='lat' dir='ltr'><strong><em>rma,</em></strong></span> <span class='ocrx_word' id='word_1_234' title='bbox 724 1839 770 1882; x_wconf 79' lang='lat' dir='ltr'><strong><em>aas</em></strong></span> <span class='ocrx_word' id='word_1_235' title='bbox 786 1830 940 1899; x_wconf 66' lang='lat' dir='ltr'><strong><em>pestilentia,</em></strong></span> <span class='ocrx_word' id='word_1_236' title='bbox 955 1840 1001 1885; x_wconf 74' lang='lat' dir='ltr'><strong><em>aaa</em></strong></span> <span class='ocrx_word' id='word_1_237' title='bbox 1050 1826 1147 1879; x_wconf 82' lang='lat' dir='ltr'><strong><em>iocatus</em></strong></span> <span class='ocrx_word' id='word_1_238' title='bbox 1161 1835 1199 1880; x_wconf 86' lang='lat' dir='ltr'><strong><em>est</em></strong></span> <span class='ocrx_word' id='word_1_239' title='bbox 1208 1842 1254 1896; x_wconf 88' lang='lat' dir='ltr'><strong><em>per</em></strong></span> <span class='ocrx_word' id='word_1_240' title='bbox 1264 1825 1353 1882; x_wconf 87' lang='lat' dir='ltr'><strong><em>biasen</em></strong></span> <span class='ocrx_word' id='word_1_241' title='bbox 1367 1844 1466 1883; x_wconf 85' lang='lat' dir='ltr'><strong><em>seratas</em></strong></span> <span class='ocrx_word' id='word_1_242' title='bbox 1479 1846 1561 1885; x_wconf 87' lang='lat' dir='ltr'><strong><em>suum.</em></strong></span> <span class='ocrx_word' id='word_1_243' title='bbox 1576 1831 1618 1886; x_wconf 89' lang='lat' dir='ltr'><strong><em>Sit</em></strong></span> <span class='ocrx_word' id='word_1_244' title='bbox 1628 1830 1754 1887; x_wconf 84' lang='lat' dir='ltr'><strong><em>Domisuts</em></strong></span> <span class='ocrx_word' id='word_1_245' title='bbox 1765 1831 1833 1888; x_wconf 92' lang='lat' dir='ltr'><strong><em>Detts</em></strong></span> 
     </span>
     <span class='ocr_line' id='line_1_17' title="bbox 216 1914 1833 1995; baseline 0.009 -33"><span class='ocrx_word' id='word_1_246' title='bbox 216 1919 350 1978; x_wconf 85' lang='lat' dir='ltr'><strong><em>cormptas</em></strong></span> <span class='ocrx_word' id='word_1_247' title='bbox 364 1928 418 1978; x_wconf 89' lang='lat' dir='ltr'><strong><em>aer,</em></strong></span> <span class='ocrx_word' id='word_1_248' title='bbox 431 1925 476 1967; x_wconf 88' lang='lat' dir='ltr'><strong><em>aut</em></strong></span> <span class='ocrx_word' id='word_1_249' title='bbox 489 1932 585 1988; x_wconf 74' lang='lat' dir='ltr'><strong><em>araas,</em></strong></span> <span class='ocrx_word' id='word_1_250' title='bbox 603 1928 648 1972; x_wconf 85' lang='lat' dir='ltr'><strong><em>aas</em></strong></span> <span class='ocrx_word' id='word_1_251' title='bbox 668 1920 775 1986; x_wconf 70' lang='lat' dir='ltr'><strong><em>taenara,</em></strong></span> <span class='ocrx_word' id='word_1_252' title='bbox 796 1924 834 1978; x_wconf 68' lang='lat' dir='ltr'><strong><em>aar</em></strong></span> <span class='ocrx_word' id='word_1_253' title='bbox 855 1922 954 1995; x_wconf 61' lang='lat' dir='ltr'><strong><em>maipa,</em></strong></span> <span class='ocrx_word' id='word_1_254' title='bbox 976 1935 1000 1979; x_wconf 72' lang='lat' dir='ltr'><strong><em>ep</em></strong></span> <span class='ocrx_word' id='word_1_255' title='bbox 1017 1916 1138 1975; x_wconf 86' lang='lat' dir='ltr'><strong><em>Bnoster</em></strong></span> <span class='ocrx_word' id='word_1_256' title='bbox 1152 1914 1294 1986; x_wconf 86' lang='lat' dir='ltr'><strong><em>nobiseum,</em></strong></span> <span class='ocrx_word' id='word_1_257' title='bbox 1309 1920 1374 1973; x_wconf 86' lang='lat' dir='ltr'><strong><em>sicut</em></strong></span> <span class='ocrx_word' id='word_1_258' title='bbox 1392 1921 1441 1991; x_wconf 74' lang='lat' dir='ltr'><strong><em>suit</em></strong></span> <span class='ocrx_word' id='word_1_259' title='bbox 1456 1936 1512 1973; x_wconf 86' lang='lat' dir='ltr'><strong><em>eum</em></strong></span> <span class='ocrx_word' id='word_1_260' title='bbox 1531 1924 1645 1992; x_wconf 90' lang='lat' dir='ltr'><strong><em>patribus</em></strong></span> <span class='ocrx_word' id='word_1_261' title='bbox 1662 1925 1768 1988; x_wconf 87' lang='lat' dir='ltr'><strong><em>nostris,</em></strong></span> <span class='ocrx_word' id='word_1_262' title='bbox 1782 1940 1833 1977; x_wconf 90' lang='lat' dir='ltr'><strong><em>non</em></strong></span> 
     </span>
    </p>
   </div>
   <div class='ocr_carea' id='block_1_3' title="bbox 216 2000 1001 2440">
    <p class='ocr_par' dir='ltr' id='par_1_3' title="bbox 216 2000 1001 2440">
     <span class='ocr_line' id='line_1_18' title="bbox 216 2000 1000 2089; baseline 0.023 -35"><span class='ocrx_word' id='word_1_263' title='bbox 216 2000 335 2072; x_wconf 73' lang='lat' dir='ltr'><strong><em>apiiaerit</em></strong></span> <span class='ocrx_word' id='word_1_264' title='bbox 347 2020 405 2058; x_wconf 87' lang='lat' dir='ltr'><strong><em>eam</em></strong></span> <span class='ocrx_word' id='word_1_265' title='bbox 418 2006 536 2061; x_wconf 87' lang='lat' dir='ltr'><strong><em>inimicus</em></strong></span> <span class='ocrx_word' id='word_1_266' title='bbox 546 2009 601 2079; x_wconf 78' lang='lat' dir='ltr'><strong><em>ejas</em></strong></span> <span class='ocrx_word' id='word_1_267' title='bbox 612 2020 700 2080; x_wconf 89' lang='lat' dir='ltr'><strong><em>portas</em></strong></span> <span class='ocrx_word' id='word_1_268' title='bbox 710 2013 841 2083; x_wconf 88' lang='lat' dir='ltr'><strong><em>obsidens,</em></strong></span> <span class='ocrx_word' id='word_1_269' title='bbox 851 2018 933 2070; x_wconf 89' lang='lat' dir='ltr'><strong><em>amnis</em></strong></span> <span class='ocrx_word' id='word_1_270' title='bbox 941 2018 1000 2089; x_wconf 86' lang='lat' dir='ltr'><strong><em>pta-</em></strong></span> 
     </span>
     <span class='ocr_line' id='line_1_19' title="bbox 216 2096 1000 2179; baseline 0.024 -35"><span class='ocrx_word' id='word_1_271' title='bbox 216 2109 258 2161; x_wconf 62' lang='grc' dir='ltr'><strong><em>ιι,</em></strong></span> <span class='ocrx_word' id='word_1_272' title='bbox 273 2096 392 2149; x_wconf 84' lang='lat' dir='ltr'><strong><em>uniuersa</em></strong></span> <span class='ocrx_word' id='word_1_273' title='bbox 410 2097 561 2166; x_wconf 70' lang='lat' dir='ltr'><strong><em>infirmitas,</em></strong></span> <span class='ocrx_word' id='word_1_274' title='bbox 576 2110 715 2172; x_wconf 82' lang='lat' dir='ltr'><strong><em>cutsctapae</em></strong></span> <span class='ocrx_word' id='word_1_275' title='bbox 727 2103 855 2160; x_wconf 84' lang='lat' dir='ltr'><strong><em>devotatio</em></strong></span> <span class='ocrx_word' id='word_1_276' title='bbox 867 2116 892 2160; x_wconf 89' lang='lat' dir='ltr'><strong><em>et</em></strong></span> <span class='ocrx_word' id='word_1_277' title='bbox 905 2108 1000 2179; x_wconf 86' lang='lat' dir='ltr'><strong><em>inspre-</em></strong></span> 
     </span>
     <span class='ocr_line' id='line_1_20' title="bbox 216 2180 1000 2263; baseline 0.026 -31"><span class='ocrx_word' id='word_1_278' title='bbox 216 2180 294 2244; x_wconf 81' lang='lat' dir='ltr'><strong><em>catio,</em></strong></span> <span class='ocrx_word' id='word_1_279' title='bbox 307 2198 364 2253; x_wconf 82' lang='lat' dir='ltr'><strong><em>quat</em></strong></span> <span class='ocrx_word' id='word_1_280' title='bbox 378 2185 499 2239; x_wconf 84' lang='lat' dir='ltr'><strong><em>acciderit</em></strong></span> <span class='ocrx_word' id='word_1_281' title='bbox 510 2191 580 2243; x_wconf 89' lang='lat' dir='ltr'><strong><em>amtti</em></strong></span> <span class='ocrx_word' id='word_1_282' title='bbox 593 2189 689 2245; x_wconf 86' lang='lat' dir='ltr'><strong><em>bamini</em></strong></span> <span class='ocrx_word' id='word_1_283' title='bbox 700 2191 731 2246; x_wconf 91' lang='lat' dir='ltr'><strong><em>de</em></strong></span> <span class='ocrx_word' id='word_1_284' title='bbox 740 2192 833 2263; x_wconf 89' lang='lat' dir='ltr'><strong><em>papuio</em></strong></span> <span class='ocrx_word' id='word_1_285' title='bbox 844 2206 886 2249; x_wconf 91' lang='lat' dir='ltr'><strong><em>tua</em></strong></span> <span class='ocrx_word' id='word_1_286' title='bbox 902 2194 1000 2262; x_wconf 82' lang='lat' dir='ltr'><strong><em>Israei,·</em></strong></span> 
     </span>
     <span class='ocr_line' id='line_1_21' title="bbox 216 2262 1000 2353; baseline 0.026 -33"><span class='ocrx_word' id='word_1_287' title='bbox 216 2268 238 2321; x_wconf 91' lang='lat' dir='ltr'><strong><em>si</em></strong></span> <span class='ocrx_word' id='word_1_288' title='bbox 251 2271 308 2340; x_wconf 87' lang='lat' dir='ltr'><strong><em>quis</em></strong></span> <span class='ocrx_word' id='word_1_289' title='bbox 321 2262 452 2343; x_wconf 75' lang='lat' dir='ltr'><strong><em>operatorii</em></strong></span> <span class='ocrx_word' id='word_1_290' title='bbox 466 2276 569 2349; x_wconf 79' lang='lat' dir='ltr'><strong><em>piapam</em></strong></span> <span class='ocrx_word' id='word_1_291' title='bbox 584 2280 669 2334; x_wconf 84' lang='lat' dir='ltr'><strong><em>cordis</em></strong></span> <span class='ocrx_word' id='word_1_292' title='bbox 683 2281 733 2347; x_wconf 90' lang='lat' dir='ltr'><strong><em>sui,</em></strong></span> <span class='ocrx_word' id='word_1_293' title='bbox 743 2290 767 2335; x_wconf 87' lang='lat' dir='ltr'><strong><em>et</em></strong></span> <span class='ocrx_word' id='word_1_294' title='bbox 777 2284 928 2353; x_wconf 74' lang='lat' dir='ltr'><strong><em>expanderit</em></strong></span> <span class='ocrx_word' id='word_1_295' title='bbox 943 2303 1000 2340; x_wconf 91' lang='lat' dir='ltr'><strong><em>ma-</em></strong></span> 
     </span>
     <span class='ocr_line' id='line_1_22' title="bbox 217 2364 1001 2440; baseline 0.024 -28"><span class='ocrx_word' id='word_1_296' title='bbox 217 2372 267 2414; x_wconf 89' lang='lat' dir='ltr'><strong><em>nus</em></strong></span> <span class='ocrx_word' id='word_1_297' title='bbox 285 2378 346 2416; x_wconf 91' lang='lat' dir='ltr'><strong><em>suas</em></strong></span> <span class='ocrx_word' id='word_1_298' title='bbox 365 2364 391 2416; x_wconf 90' lang='lat' dir='ltr'><strong><em>itt</em></strong></span> <span class='ocrx_word' id='word_1_299' title='bbox 415 2364 490 2420; x_wconf 89' lang='lat' dir='ltr'><strong><em>domo</em></strong></span> <span class='ocrx_word' id='word_1_300' title='bbox 510 2366 567 2430; x_wconf 84' lang='lat' dir='ltr'><strong><em>bac,</em></strong></span> <span class='ocrx_word' id='word_1_301' title='bbox 584 2374 610 2423; x_wconf 87' lang='lat' dir='ltr'><strong><em>tu</em></strong></span> <span class='ocrx_word' id='word_1_302' title='bbox 629 2372 750 2425; x_wconf 74' lang='lat' dir='ltr'><strong><em>exaudies</em></strong></span> <span class='ocrx_word' id='word_1_303' title='bbox 768 2372 796 2427; x_wconf 87' lang='lat' dir='ltr'><strong><em>iu</em></strong></span> <span class='ocrx_word' id='word_1_304' title='bbox 816 2374 889 2440; x_wconf 79' lang='lat' dir='ltr'><strong><em>cato,</em></strong></span> <span class='ocrx_word' id='word_1_305' title='bbox 904 2376 931 2429; x_wconf 87' lang='lat' dir='ltr'><strong><em>in</em></strong></span> <span class='ocrx_word' id='word_1_306' title='bbox 945 2378 1001 2431; x_wconf 82' lang='lat' dir='ltr'><strong><em>iata</em></strong></span> 
     </span>
    </p>
   </div>
   <div class='ocr_carea' id='block_1_4' title="bbox 1050 2003 1835 2442">
    <p class='ocr_par' dir='ltr' id='par_1_4' title="bbox 1050 2003 1835 2442">
     <span class='ocr_line' id='line_1_23' title="bbox 1052 2003 1835 2079; baseline 0.014 -23"><span class='ocrx_word' id='word_1_307' title='bbox 1052 2003 1240 2074; x_wconf 67' lang='lat' dir='ltr'><strong><em>demittantur,</em></strong></span> <span class='ocrx_word' id='word_1_308' title='bbox 1255 2022 1338 2074; x_wconf 82' lang='lat' dir='ltr'><strong><em>neque</em></strong></span> <span class='ocrx_word' id='word_1_309' title='bbox 1353 2008 1503 2079; x_wconf 75' lang='lat' dir='ltr'><strong><em>projiciens,</em></strong></span> <span class='ocrx_word' id='word_1_310' title='bbox 1517 2010 1562 2063; x_wconf 86' lang='lat' dir='ltr'><strong><em>seri</em></strong></span> <span class='ocrx_word' id='word_1_311' title='bbox 1573 2011 1678 2064; x_wconf 85' lang='lat' dir='ltr'><strong><em>inciinet</em></strong></span> <span class='ocrx_word' id='word_1_312' title='bbox 1692 2013 1771 2066; x_wconf 88' lang='lat' dir='ltr'><strong><em>corda</em></strong></span> <span class='ocrx_word' id='word_1_313' title='bbox 1787 2029 1835 2066; x_wconf 90' lang='lat' dir='ltr'><strong><em>no·</em></strong></span> 
     </span>
     <span class='ocr_line' id='line_1_24' title="bbox 1050 2092 1834 2170; baseline 0.014 -25"><span class='ocrx_word' id='word_1_314' title='bbox 1050 2102 1105 2147; x_wconf 89' lang='lat' dir='ltr'><strong><em>stro</em></strong></span> <span class='ocrx_word' id='word_1_315' title='bbox 1116 2092 1150 2146; x_wconf 91' lang='lat' dir='ltr'><strong><em>ad</em></strong></span> <span class='ocrx_word' id='word_1_316' title='bbox 1160 2094 1438 2160; x_wconf 60' lang='lat' dir='ltr'><strong><em>repromittentem</em></strong></span> <span class='ocrx_word' id='word_1_317' title='bbox 1451 2099 1576 2154; x_wconf 78' lang='lat' dir='ltr'><strong><em>uniuersis</em></strong></span> <span class='ocrx_word' id='word_1_318' title='bbox 1587 2101 1634 2154; x_wconf 88' lang='lat' dir='ltr'><strong><em>aiis</em></strong></span> <span class='ocrx_word' id='word_1_319' title='bbox 1643 2101 1709 2170; x_wconf 77' lang='lat' dir='ltr'><strong><em>ejus,</em></strong></span> <span class='ocrx_word' id='word_1_320' title='bbox 1720 2111 1745 2156; x_wconf 87' lang='lat' dir='ltr'><strong><em>et</em></strong></span> <span class='ocrx_word' id='word_1_321' title='bbox 1754 2111 1834 2156; x_wconf 76' lang='lat' dir='ltr'><strong><em>satta</em></strong></span> 
     </span>
     <span class='ocr_line' id='line_1_25' title="bbox 1051 2182 1833 2263; baseline 0.013 -28"><span class='ocrx_word' id='word_1_322' title='bbox 1051 2182 1151 2237; x_wconf 78' lang='lat' dir='ltr'><strong><em>diunius</em></strong></span> <span class='ocrx_word' id='word_1_323' title='bbox 1161 2183 1285 2237; x_wconf 89' lang='lat' dir='ltr'><strong><em>mandata</em></strong></span> <span class='ocrx_word' id='word_1_324' title='bbox 1299 2185 1365 2256; x_wconf 80' lang='lat' dir='ltr'><strong><em>ejus,</em></strong></span> <span class='ocrx_word' id='word_1_325' title='bbox 1380 2195 1404 2240; x_wconf 88' lang='lat' dir='ltr'><strong><em>et</em></strong></span> <span class='ocrx_word' id='word_1_326' title='bbox 1418 2189 1593 2256; x_wconf 81' lang='lat' dir='ltr'><strong><em>ceremonias,</em></strong></span> <span class='ocrx_word' id='word_1_327' title='bbox 1606 2199 1631 2244; x_wconf 90' lang='lat' dir='ltr'><strong><em>et</em></strong></span> <span class='ocrx_word' id='word_1_328' title='bbox 1642 2189 1753 2261; x_wconf 79' lang='lat' dir='ltr'><strong><em>judicia,</em></strong></span> <span class='ocrx_word' id='word_1_329' title='bbox 1764 2207 1833 2263; x_wconf 79' lang='lat' dir='ltr'><strong><em>aaa·</em></strong></span> 
     </span>
     <span class='ocr_line' id='line_1_26' title="bbox 1051 2272 1834 2344; baseline 0.014 -21"><span class='ocrx_word' id='word_1_330' title='bbox 1051 2287 1148 2341; x_wconf 86' lang='lat' dir='ltr'><strong><em>cunque</em></strong></span> <span class='ocrx_word' id='word_1_331' title='bbox 1161 2272 1290 2326; x_wconf 84' lang='lat' dir='ltr'><strong><em>mandauit</em></strong></span> <span class='ocrx_word' id='word_1_332' title='bbox 1300 2273 1415 2343; x_wconf 89' lang='lat' dir='ltr'><strong><em>patribus</em></strong></span> <span class='ocrx_word' id='word_1_333' title='bbox 1428 2277 1534 2344; x_wconf 87' lang='lat' dir='ltr'><strong><em>nastris,</em></strong></span> <span class='ocrx_word' id='word_1_334' title='bbox 1547 2285 1573 2331; x_wconf 88' lang='lat' dir='ltr'><strong><em>et</em></strong></span> <span class='ocrx_word' id='word_1_335' title='bbox 1585 2279 1637 2332; x_wconf 91' lang='lat' dir='ltr'><strong><em>sint</em></strong></span> <span class='ocrx_word' id='word_1_336' title='bbox 1646 2295 1774 2334; x_wconf 71' lang='lat' dir='ltr'><strong><em>semones</em></strong></span> <span class='ocrx_word' id='word_1_337' title='bbox 1785 2281 1834 2334; x_wconf 86' lang='lat' dir='ltr'><strong><em>mei</em></strong></span> 
     </span>
     <span class='ocr_line' id='line_1_27' title="bbox 1052 2360 1834 2442; baseline 0.017 -28"><span class='ocrx_word' id='word_1_338' title='bbox 1052 2362 1103 2424; x_wconf 87' lang='lat' dir='ltr'><strong><em>isti,</em></strong></span> <span class='ocrx_word' id='word_1_339' title='bbox 1116 2360 1205 2432; x_wconf 81' lang='lat' dir='ltr'><strong><em>quibus</em></strong></span> <span class='ocrx_word' id='word_1_340' title='bbox 1221 2363 1371 2433; x_wconf 85' lang='lat' dir='ltr'><strong><em>deprecatus</em></strong></span> <span class='ocrx_word' id='word_1_341' title='bbox 1383 2382 1439 2420; x_wconf 87' lang='lat' dir='ltr'><strong><em>sam</em></strong></span> <span class='ocrx_word' id='word_1_342' title='bbox 1452 2383 1540 2423; x_wconf 90' lang='lat' dir='ltr'><strong><em>coram</em></strong></span> <span class='ocrx_word' id='word_1_343' title='bbox 1554 2366 1677 2435; x_wconf 87' lang='lat' dir='ltr'><strong><em>Domina,</em></strong></span> <span class='ocrx_word' id='word_1_344' title='bbox 1695 2374 1834 2442; x_wconf 87' lang='lat' dir='ltr'><strong><em>appropia·</em></strong></span> 
     </span>
    </p>
   </div>
   <div class='ocr_carea' id='block_1_5' title="bbox 185 2451 1835 3166">
    <p class='ocr_par' dir='ltr' id='par_1_5' title="bbox 216 2451 1835 2896">
     <span class='ocr_line' id='line_1_28' title="bbox 219 2451 1834 2536; baseline 0.019 -32"><span class='ocrx_word' id='word_1_345' title='bbox 219 2451 382 2509; x_wconf 84' lang='lat' dir='ltr'><strong><em>babitntianis</em></strong></span> <span class='ocrx_word' id='word_1_346' title='bbox 401 2464 461 2522; x_wconf 82' lang='lat' dir='ltr'><strong><em>tua,</em></strong></span> <span class='ocrx_word' id='word_1_347' title='bbox 481 2468 507 2511; x_wconf 90' lang='lat' dir='ltr'><strong><em>et</em></strong></span> <span class='ocrx_word' id='word_1_348' title='bbox 524 2460 742 2530; x_wconf 75' lang='lat' dir='ltr'><strong><em>repropitiaberis,</em></strong></span> <span class='ocrx_word' id='word_1_349' title='bbox 761 2474 786 2518; x_wconf 91' lang='lat' dir='ltr'><strong><em>et</em></strong></span> <span class='ocrx_word' id='word_1_350' title='bbox 806 2467 895 2536; x_wconf 75' lang='lat' dir='ltr'><strong><em>saciet,</em></strong></span> <span class='ocrx_word' id='word_1_351' title='bbox 910 2475 938 2521; x_wconf 88' lang='lat' dir='ltr'><strong><em>ut</em></strong></span> <span class='ocrx_word' id='word_1_352' title='bbox 957 2469 1002 2523; x_wconf 89' lang='lat' dir='ltr'><strong><em>des</em></strong></span> <span class='ocrx_word' id='word_1_353' title='bbox 1051 2465 1157 2527; x_wconf 61' lang='lat' dir='ltr'><strong><em>‘iiiiii‘</em></strong></span> <span class='ocrx_word' id='word_1_354' title='bbox 1172 2455 1282 2512; x_wconf 89' lang='lat' dir='ltr'><strong><em>Domina</em></strong></span> <span class='ocrx_word' id='word_1_355' title='bbox 1295 2456 1350 2513; x_wconf 70' lang='lat'><strong><em>⁰0⁰</em></strong></span> <span class='ocrx_word' id='word_1_356' title='bbox 1364 2469 1451 2514; x_wconf 60' lang='grc' dir='ltr'><strong><em>ΜΝ</em></strong></span> <span class='ocrx_word' id='word_1_357' title='bbox 1465 2461 1508 2515; x_wconf 56' lang='lat'><strong><em>‘³5⁶&#39;</em></strong></span> <span class='ocrx_word' id='word_1_358' title='bbox 1519 2478 1550 2516; x_wconf 75' lang='lat'><strong><em>‘¹⁶</em></strong></span> <span class='ocrx_word' id='word_1_359' title='bbox 1563 2472 1647 2531; x_wconf 61' lang='lat' dir='ltr'><strong><em>”timi</em></strong></span> <span class='ocrx_word' id='word_1_360' title='bbox 1661 2475 1689 2517; x_wconf 61' lang='grc' dir='ltr'><em>Μ</em></span> <span class='ocrx_word' id='word_1_361' title='bbox 1699 2463 1834 2535; x_wconf 51' lang='lat' dir='ltr'><strong><em>imbibi·</em></strong></span> 
     </span>
     <span class='ocr_line' id='line_1_29' title="bbox 217 2543 1835 2623; baseline 0.015 -28"><span class='ocrx_word' id='word_1_362' title='bbox 217 2543 352 2614; x_wconf 82' lang='lat' dir='ltr'><strong><em>uuicuique</em></strong></span> <span class='ocrx_word' id='word_1_363' title='bbox 365 2548 504 2601; x_wconf 86' lang='lat' dir='ltr'><strong><em>secundum</em></strong></span> <span class='ocrx_word' id='word_1_364' title='bbox 517 2566 605 2605; x_wconf 90' lang='lat' dir='ltr'><strong><em>amnes</em></strong></span> <span class='ocrx_word' id='word_1_365' title='bbox 618 2552 673 2606; x_wconf 85' lang='lat' dir='ltr'><strong><em>uias</em></strong></span> <span class='ocrx_word' id='word_1_366' title='bbox 689 2569 758 2618; x_wconf 90' lang='lat' dir='ltr'><strong><em>suas,</em></strong></span> <span class='ocrx_word' id='word_1_367' title='bbox 773 2556 838 2608; x_wconf 86' lang='lat' dir='ltr'><strong><em>sicut</em></strong></span> <span class='ocrx_word' id='word_1_368' title='bbox 851 2556 944 2611; x_wconf 78' lang='lat' dir='ltr'><strong><em>sitieris</em></strong></span> <span class='ocrx_word' id='word_1_369' title='bbox 958 2575 1003 2612; x_wconf 84' lang='lat' dir='ltr'><strong><em>aar</em></strong></span> <span class='ocrx_word' id='word_1_370' title='bbox 1052 2544 1147 2598; x_wconf 62' lang='lat' dir='ltr'><strong><em>‘fliium</em></strong></span> <span class='ocrx_word' id='word_1_371' title='bbox 1156 2561 1293 2612; x_wconf 67' lang='lat' dir='ltr'><strong><em>iiii⁰⁸¹i⁰r</em></strong></span> <span class='ocrx_word' id='word_1_372' title='bbox 1305 2548 1835 2623; x_wconf 53' lang='grc' dir='ltr'><strong><em>839091410ΝοῙδῑθθ(ΡΜῑ”9”Ῑθ*άῖθθι</em></strong></span> 
     </span>
     <span class='ocr_line' id='line_1_30' title="bbox 216 2631 1835 2712; baseline 0.019 -29"><span class='ocrx_word' id='word_1_373' title='bbox 216 2631 271 2702; x_wconf 72' lang='lat' dir='ltr'><strong><em>ejas</em></strong></span> <span class='ocrx_word' id='word_1_374' title='bbox 286 2631 356 2703; x_wconf 79' lang='lat' dir='ltr'><strong><em>(quia</em></strong></span> <span class='ocrx_word' id='word_1_375' title='bbox 370 2643 397 2687; x_wconf 90' lang='lat' dir='ltr'><strong><em>tu</em></strong></span> <span class='ocrx_word' id='word_1_376' title='bbox 411 2638 478 2690; x_wconf 90' lang='lat' dir='ltr'><strong><em>nosti</em></strong></span> <span class='ocrx_word' id='word_1_377' title='bbox 496 2639 565 2692; x_wconf 83' lang='lat' dir='ltr'><strong><em>satas</em></strong></span> <span class='ocrx_word' id='word_1_378' title='bbox 585 2656 630 2694; x_wconf 88' lang='lat' dir='ltr'><strong><em>ror</em></strong></span> <span class='ocrx_word' id='word_1_379' title='bbox 649 2643 763 2707; x_wconf 78' lang='lat' dir='ltr'><strong><em>austriam</em></strong></span> <span class='ocrx_word' id='word_1_380' title='bbox 781 2644 895 2712; x_wconf 74' lang='lat' dir='ltr'><strong><em>fiiiarutu</em></strong></span> <span class='ocrx_word' id='word_1_381' title='bbox 917 2646 1001 2701; x_wconf 88' lang='lat' dir='ltr'><strong><em>bomi-</em></strong></span> <span class='ocrx_word' id='word_1_382' title='bbox 1051 2644 1076 2688; x_wconf 67' lang='lat'><strong><em>0²</em></strong></span> <span class='ocrx_word' id='word_1_383' title='bbox 1093 2637 1177 2688; x_wconf 66' lang='lat' dir='ltr'><strong><em>iiiam</em></strong></span> <span class='ocrx_word' id='word_1_384' title='bbox 1195 2652 1284 2690; x_wconf 65' lang='lat' dir='ltr'><strong><em>timim</em></strong></span> <span class='ocrx_word' id='word_1_385' title='bbox 1303 2638 1390 2706; x_wconf 87' lang='lat' dir='ltr'><strong><em>popuii</em></strong></span> <span class='ocrx_word' id='word_1_386' title='bbox 1409 2647 1494 2704; x_wconf 60' lang='lat' dir='ltr'><strong><em>iiiiii»</em></strong></span> <span class='ocrx_word' id='word_1_387' title='bbox 1508 2638 1567 2710; x_wconf 61' lang='lat' dir='ltr'><strong><em>‘iiii</em></strong></span> <span class='ocrx_word' id='word_1_388' title='bbox 1581 2638 1707 2693; x_wconf 59' lang='lat' dir='ltr'><strong><em>liminii</em></strong></span> <span class='ocrx_word' id='word_1_389' title='bbox 1722 2641 1777 2711; x_wconf 65' lang='lat' dir='ltr'><strong><em>iim</em></strong></span> <span class='ocrx_word' id='word_1_390' title='bbox 1797 2652 1835 2699; x_wconf 55' lang='grc' dir='ltr'><strong><em>θ’*</em></strong></span> 
     </span>
     <span class='ocr_line' id='line_1_31' title="bbox 216 2723 1833 2821; baseline 0.011 -43"><span class='ocrx_word' id='word_1_391' title='bbox 216 2726 303 2794; x_wconf 86' lang='lat' dir='ltr'><strong><em>stum),·</em></strong></span> <span class='ocrx_word' id='word_1_392' title='bbox 318 2735 348 2780; x_wconf 85' lang='lat' dir='ltr'><strong><em>ut</em></strong></span> <span class='ocrx_word' id='word_1_393' title='bbox 360 2728 467 2782; x_wconf 81' lang='lat' dir='ltr'><strong><em>timeant</em></strong></span> <span class='ocrx_word' id='word_1_394' title='bbox 478 2738 503 2784; x_wconf 93' lang='lat' dir='ltr'><strong><em>te</em></strong></span> <span class='ocrx_word' id='word_1_395' title='bbox 515 2734 612 2786; x_wconf 85' lang='lat' dir='ltr'><strong><em>cunctis</em></strong></span> <span class='ocrx_word' id='word_1_396' title='bbox 627 2732 714 2786; x_wconf 84' lang='lat' dir='ltr'><strong><em>diebus</em></strong></span> <span class='ocrx_word' id='word_1_397' title='bbox 726 2734 816 2804; x_wconf 86' lang='lat' dir='ltr'><strong><em>quibus</em></strong></span> <span class='ocrx_word' id='word_1_398' title='bbox 829 2737 914 2790; x_wconf 83' lang='lat' dir='ltr'><strong><em>riuum</em></strong></span> <span class='ocrx_word' id='word_1_399' title='bbox 926 2753 1003 2808; x_wconf 86' lang='lat' dir='ltr'><strong><em>super</em></strong></span> <span class='ocrx_word' id='word_1_400' title='bbox 1053 2723 1131 2787; x_wconf 61' lang='lat' dir='ltr'><strong><em>Dm·</em></strong></span> <span class='ocrx_word' id='word_1_401' title='bbox 1146 2736 1172 2780; x_wconf 61' lang='grc' dir='ltr'><strong><em>θ’</em></strong></span> <span class='ocrx_word' id='word_1_402' title='bbox 1184 2743 1236 2780; x_wconf 72' lang='lat'><em>&#39;¹⁰²¹</em></span> <span class='ocrx_word' id='word_1_403' title='bbox 1246 2735 1285 2780; x_wconf 67' lang='lat' dir='ltr'><strong><em>eii</em></strong></span> <span class='ocrx_word' id='word_1_404' title='bbox 1297 2725 1367 2780; x_wconf 66' lang='lat' dir='ltr'><strong><em>“iiia</em></strong></span> <span class='ocrx_word' id='word_1_405' title='bbox 1383 2727 1478 2800; x_wconf 60' lang='grc'><strong><em>0589140</em></strong></span> <span class='ocrx_word' id='word_1_406' title='bbox 1497 2745 1537 2782; x_wconf 70' lang='grc' dir='ltr'><strong><em>θθ·</em></strong></span> <span class='ocrx_word' id='word_1_407' title='bbox 1553 2726 1594 2783; x_wconf 64' lang='lat' dir='ltr'><strong><em>Sii</em></strong></span> <span class='ocrx_word' id='word_1_408' title='bbox 1607 2745 1710 2821; x_wconf 13' lang='lat' dir='ltr'><strong><em>‘tibine&#39;</em></strong></span> <span class='ocrx_word' id='word_1_409' title='bbox 1722 2746 1768 2784; x_wconf 65' lang='lat'><strong><em>0⁰?</em></strong></span> <span class='ocrx_word' id='word_1_410' title='bbox 1785 2746 1833 2784; x_wconf 66' lang='lat'><strong><em>“⁰-</em></strong></span> 
     </span>
     <span class='ocr_line' id='line_1_32' title="bbox 216 2808 1833 2896; baseline 0.004 -28"><span class='ocrx_word' id='word_1_411' title='bbox 216 2815 308 2883; x_wconf 77' lang='lat' dir='ltr'><strong><em>{aaiesu</em></strong></span> <span class='ocrx_word' id='word_1_412' title='bbox 323 2824 408 2883; x_wconf 80' lang='lat' dir='ltr'><strong><em>terra,</em></strong></span> <span class='ocrx_word' id='word_1_413' title='bbox 428 2808 504 2889; x_wconf 81' lang='lat' dir='ltr'><strong><em>paam</em></strong></span> <span class='ocrx_word' id='word_1_414' title='bbox 524 2820 618 2874; x_wconf 74' lang='lat' dir='ltr'><strong><em>dedisti</em></strong></span> <span class='ocrx_word' id='word_1_415' title='bbox 637 2823 753 2891; x_wconf 65' lang='lat' dir='ltr'><strong><em>patribus</em></strong></span> <span class='ocrx_word' id='word_1_416' title='bbox 772 2824 875 2881; x_wconf 56' lang='lat' dir='ltr'><strong><em>nostrie,</em></strong></span> <span class='ocrx_word' id='word_1_417' title='bbox 892 2824 1003 2896; x_wconf 56' lang='lat' dir='ltr'><strong><em>iusuper</em></strong></span> <span class='ocrx_word' id='word_1_418' title='bbox 1051 2826 1132 2871; x_wconf 90' lang='lat' dir='ltr'><strong><em>strum</em></strong></span> <span class='ocrx_word' id='word_1_419' title='bbox 1144 2819 1285 2889; x_wconf 66' lang='lat' dir='ltr'><strong><em>perfeetum</em></strong></span> <span class='ocrx_word' id='word_1_420' title='bbox 1298 2836 1354 2873; x_wconf 87' lang='lat' dir='ltr'><strong><em>eum</em></strong></span> <span class='ocrx_word' id='word_1_421' title='bbox 1369 2818 1481 2873; x_wconf 90' lang='lat' dir='ltr'><strong><em>Domino</em></strong></span> <span class='ocrx_word' id='word_1_422' title='bbox 1496 2817 1550 2874; x_wconf 90' lang='lat' dir='ltr'><strong><em>Dea</em></strong></span> <span class='ocrx_word' id='word_1_423' title='bbox 1564 2828 1664 2888; x_wconf 86' lang='lat' dir='ltr'><strong><em>nostro,</em></strong></span> <span class='ocrx_word' id='word_1_424' title='bbox 1677 2828 1705 2873; x_wconf 92' lang='lat' dir='ltr'><strong><em>ut</em></strong></span> <span class='ocrx_word' id='word_1_425' title='bbox 1719 2819 1833 2875; x_wconf 88' lang='lat' dir='ltr'><strong><em>ambute-</em></strong></span> 
     </span>
    </p>

    <p class='ocr_par' dir='ltr' id='par_1_6' title="bbox 185 2905 1834 3166">
     <span class='ocr_line' id='line_1_33' title="bbox 216 2905 1834 2983; baseline 0.004 -25"><span class='ocrx_word' id='word_1_426' title='bbox 216 2914 241 2956; x_wconf 86' lang='lat' dir='ltr'><strong><em>st</em></strong></span> <span class='ocrx_word' id='word_1_427' title='bbox 254 2905 409 2975; x_wconf 78' lang='lat' dir='ltr'><strong><em>atienipena,</em></strong></span> <span class='ocrx_word' id='word_1_428' title='bbox 424 2911 468 2979; x_wconf 82' lang='lat' dir='ltr'><strong><em>qai</em></strong></span> <span class='ocrx_word' id='word_1_429' title='bbox 483 2926 534 2963; x_wconf 86' lang='lat' dir='ltr'><strong><em>nan</em></strong></span> <span class='ocrx_word' id='word_1_430' title='bbox 551 2919 589 2965; x_wconf 76' lang='lat' dir='ltr'><strong><em>est</em></strong></span> <span class='ocrx_word' id='word_1_431' title='bbox 609 2911 640 2965; x_wconf 78' lang='lat' dir='ltr'><strong><em>de</em></strong></span> <span class='ocrx_word' id='word_1_432' title='bbox 657 2914 750 2983; x_wconf 76' lang='lat' dir='ltr'><strong><em>papate</em></strong></span> <span class='ocrx_word' id='word_1_433' title='bbox 772 2925 814 2969; x_wconf 79' lang='lat' dir='ltr'><strong><em>aaa</em></strong></span> <span class='ocrx_word' id='word_1_434' title='bbox 835 2912 928 2979; x_wconf 66' lang='lat' dir='ltr'><strong><em>Israel,</em></strong></span> <span class='ocrx_word' id='word_1_435' title='bbox 945 2933 1001 2971; x_wconf 69' lang='lat' dir='ltr'><strong><em>cam</em></strong></span> <span class='ocrx_word' id='word_1_436' title='bbox 1051 2926 1107 2963; x_wconf 89' lang='lat' dir='ltr'><strong><em>mus</em></strong></span> <span class='ocrx_word' id='word_1_437' title='bbox 1117 2911 1144 2962; x_wconf 91' lang='lat' dir='ltr'><strong><em>in</em></strong></span> <span class='ocrx_word' id='word_1_438' title='bbox 1154 2908 1261 2962; x_wconf 88' lang='lat' dir='ltr'><strong><em>decretis</em></strong></span> <span class='ocrx_word' id='word_1_439' title='bbox 1270 2911 1337 2979; x_wconf 79' lang='lat' dir='ltr'><strong><em>ejus,</em></strong></span> <span class='ocrx_word' id='word_1_440' title='bbox 1350 2919 1374 2963; x_wconf 91' lang='lat' dir='ltr'><strong><em>et</em></strong></span> <span class='ocrx_word' id='word_1_441' title='bbox 1385 2911 1557 2964; x_wconf 86' lang='lat' dir='ltr'><strong><em>custodiamus</em></strong></span> <span class='ocrx_word' id='word_1_442' title='bbox 1571 2910 1695 2964; x_wconf 87' lang='lat' dir='ltr'><strong><em>mastdata</em></strong></span> <span class='ocrx_word' id='word_1_443' title='bbox 1704 2909 1759 2980; x_wconf 79' lang='lat' dir='ltr'><strong><em>ep&#39;us</em></strong></span> <span class='ocrx_word' id='word_1_444' title='bbox 1769 2911 1834 2966; x_wconf 87' lang='lat' dir='ltr'><strong><em>sicut</em></strong></span> 
     </span>
     <span class='ocr_line' id='line_1_34' title="bbox 185 2980 1834 3077; baseline 0.004 -31"><span class='ocrx_word' id='word_1_445' title='bbox 185 2980 191 2997; x_wconf 74' lang='lat'><strong><em>‘</em></strong></span> <span class='ocrx_word' id='word_1_446' title='bbox 217 2996 313 3047; x_wconf 82' lang='lat' dir='ltr'><strong><em>tenerit</em></strong></span> <span class='ocrx_word' id='word_1_447' title='bbox 322 2995 354 3049; x_wconf 88' lang='lat' dir='ltr'><strong><em>de</em></strong></span> <span class='ocrx_word' id='word_1_448' title='bbox 364 2996 433 3050; x_wconf 87' lang='lat' dir='ltr'><strong><em>ter&#39;ra</em></strong></span> <span class='ocrx_word' id='word_1_449' title='bbox 442 2999 583 3072; x_wconf 61' lang='lat' dir='ltr'><strong><em>turpiaque</em></strong></span> <span class='ocrx_word' id='word_1_450' title='bbox 595 3011 699 3072; x_wconf 64' lang='lat' dir='ltr'><strong><em>propter</em></strong></span> <span class='ocrx_word' id='word_1_451' title='bbox 710 3020 802 3058; x_wconf 67' lang='lat' dir='ltr'><strong><em>nomm</em></strong></span> <span class='ocrx_word' id='word_1_452' title='bbox 817 3015 887 3060; x_wconf 68' lang='lat' dir='ltr'><strong><em>mam</em></strong></span> <span class='ocrx_word' id='word_1_453' title='bbox 901 3009 1001 3077; x_wconf 60' lang='lat' dir='ltr'><strong><em>(nappe.</em></strong></span> <span class='ocrx_word' id='word_1_454' title='bbox 1051 3007 1076 3052; x_wconf 96' lang='lat' dir='ltr'><strong><em>et</em></strong></span> <span class='ocrx_word' id='word_1_455' title='bbox 1087 2998 1170 3051; x_wconf 87' lang='lat' dir='ltr'><strong><em>bodie.</em></strong></span> <span class='ocrx_word' id='word_1_456' title='bbox 1184 2996 1269 3068; x_wconf 83' lang='lat' dir='ltr'><strong><em>ipisus</em></strong></span> <span class='ocrx_word' id='word_1_457' title='bbox 1280 3015 1326 3052; x_wconf 81' lang='lat' dir='ltr'><strong><em>rea</em></strong></span> <span class='ocrx_word' id='word_1_458' title='bbox 1336 3007 1360 3052; x_wconf 87' lang='lat' dir='ltr'><strong><em>et</em></strong></span> <span class='ocrx_word' id='word_1_459' title='bbox 1372 2998 1454 3053; x_wconf 86' lang='lat' dir='ltr'><strong><em>omnis</em></strong></span> <span class='ocrx_word' id='word_1_460' title='bbox 1467 2998 1551 3054; x_wconf 85' lang='lat' dir='ltr'><strong><em>israei</em></strong></span> <span class='ocrx_word' id='word_1_461' title='bbox 1561 3015 1617 3052; x_wconf 88' lang='lat' dir='ltr'><strong><em>earn</em></strong></span> <span class='ocrx_word' id='word_1_462' title='bbox 1627 3016 1657 3052; x_wconf 86' lang='lat' dir='ltr'><strong><em>eo</em></strong></span> <span class='ocrx_word' id='word_1_463' title='bbox 1667 2998 1834 3053; x_wconf 86' lang='lat' dir='ltr'><strong><em>immotabunt</em></strong></span> 
     </span>
     <span class='ocr_line' id='line_1_35' title="bbox 216 3083 1833 3166; baseline 0.001 -20"><span class='ocrx_word' id='word_1_464' title='bbox 216 3083 336 3136; x_wconf 59' lang='lat' dir='ltr'><strong><em>‘ubertim</em></strong></span> <span class='ocrx_word' id='word_1_465' title='bbox 348 3099 438 3139; x_wconf 65' lang='lat' dir='ltr'><strong><em>&#39;tomen</em></strong></span> <span class='ocrx_word' id='word_1_466' title='bbox 453 3096 523 3142; x_wconf 76' lang='lat' dir='ltr'><strong><em>tuam</em></strong></span> <span class='ocrx_word' id='word_1_467' title='bbox 537 3106 667 3162; x_wconf 70' lang='lat' dir='ltr'><strong><em>maenum,</em></strong></span> <span class='ocrx_word' id='word_1_468' title='bbox 679 3100 704 3145; x_wconf 89' lang='lat' dir='ltr'><strong><em>et</em></strong></span> <span class='ocrx_word' id='word_1_469' title='bbox 716 3109 809 3149; x_wconf 87' lang='lat' dir='ltr'><strong><em>manus</em></strong></span> <span class='ocrx_word' id='word_1_470' title='bbox 822 3105 866 3148; x_wconf 91' lang='lat' dir='ltr'><strong><em>tuo</em></strong></span> <span class='ocrx_word' id='word_1_471' title='bbox 878 3098 962 3166; x_wconf 69' lang='lat' dir='ltr'><strong><em>portis,</em></strong></span> <span class='ocrx_word' id='word_1_472' title='bbox 978 3107 1003 3151; x_wconf 88' lang='lat' dir='ltr'><strong><em>et</em></strong></span> <span class='ocrx_word' id='word_1_473' title='bbox 1048 3088 1167 3147; x_wconf 83' lang='lat' dir='ltr'><strong><em>uictimas</em></strong></span> <span class='ocrx_word' id='word_1_474' title='bbox 1181 3104 1267 3141; x_wconf 85' lang='lat' dir='ltr'><strong><em>coram</em></strong></span> <span class='ocrx_word' id='word_1_475' title='bbox 1278 3087 1399 3144; x_wconf 89' lang='lat' dir='ltr'><strong><em>Domino.</em></strong></span> <span class='ocrx_word' id='word_1_476' title='bbox 1415 3088 1587 3163; x_wconf 77' lang='lat' dir='ltr'><strong><em>biaetaaitqae</em></strong></span> <span class='ocrx_word' id='word_1_477' title='bbox 1597 3089 1722 3146; x_wconf 79' lang='lat' dir='ltr'><strong><em>Salomon</em></strong></span> <span class='ocrx_word' id='word_1_478' title='bbox 1736 3092 1833 3147; x_wconf 88' lang='lat' dir='ltr'><strong><em>bostias</em></strong></span> 
     </span>
    </p>
   </div>
   <div class='ocr_carea' id='block_1_6' title="bbox 216 3169 1833 3524">
    <p class='ocr_par' dir='ltr' id='par_1_7' title="bbox 216 3169 1833 3524">
     <span class='ocr_line' id='line_1_36' title="bbox 216 3169 1832 3263; baseline 0.004 -35"><span class='ocrx_word' id='word_1_479' title='bbox 216 3169 348 3226; x_wconf 66' lang='lat' dir='ltr'><strong><em>brachium</em></strong></span> <span class='ocrx_word' id='word_1_480' title='bbox 364 3182 434 3229; x_wconf 85' lang='lat' dir='ltr'><strong><em>mam</em></strong></span> <span class='ocrx_word' id='word_1_481' title='bbox 447 3188 576 3234; x_wconf 77' lang='lat' dir='ltr'><strong><em>extentum</em></strong></span> <span class='ocrx_word' id='word_1_482' title='bbox 590 3180 702 3254; x_wconf 75' lang='lat' dir='ltr'><strong><em>abique),</em></strong></span> <span class='ocrx_word' id='word_1_483' title='bbox 716 3188 880 3241; x_wconf 68' lang='lat' dir='ltr'><strong><em>cumvenerit</em></strong></span> <span class='ocrx_word' id='word_1_484' title='bbox 893 3205 964 3259; x_wconf 64' lang='lat' dir='ltr'><strong><em>arpo,</em></strong></span> <span class='ocrx_word' id='word_1_485' title='bbox 978 3200 1003 3242; x_wconf 60' lang='grc' dir='ltr'><strong><em>ιι</em></strong></span> <span class='ocrx_word' id='word_1_486' title='bbox 1052 3181 1187 3250; x_wconf 81' lang='lat' dir='ltr'><strong><em>pacificas,</em></strong></span> <span class='ocrx_word' id='word_1_487' title='bbox 1207 3196 1269 3250; x_wconf 86' lang='lat' dir='ltr'><strong><em>qaas</em></strong></span> <span class='ocrx_word' id='word_1_488' title='bbox 1287 3180 1427 3234; x_wconf 88' lang='lat' dir='ltr'><strong><em>imntaiaait</em></strong></span> <span class='ocrx_word' id='word_1_489' title='bbox 1445 3179 1566 3263; x_wconf 81' lang='lat' dir='ltr'><strong><em>Domina,</em></strong></span> <span class='ocrx_word' id='word_1_490' title='bbox 1585 3180 1659 3235; x_wconf 91' lang='lat' dir='ltr'><strong><em>baum</em></strong></span> <span class='ocrx_word' id='word_1_491' title='bbox 1676 3179 1766 3251; x_wconf 80' lang='lat' dir='ltr'><strong><em>aipistti</em></strong></span> <span class='ocrx_word' id='word_1_492' title='bbox 1781 3179 1832 3234; x_wconf 82' lang='lat' dir='ltr'><strong><em>dno</em></strong></span> 
     </span>
     <span class='ocr_line' id='line_1_37' title="bbox 216 3254 1832 3345; baseline 0.002 -24"><span class='ocrx_word' id='word_1_493' title='bbox 216 3262 327 3315; x_wconf 65' lang='lat' dir='ltr'><strong><em>”averit</em></strong></span> <span class='ocrx_word' id='word_1_494' title='bbox 338 3263 365 3317; x_wconf 81' lang='lat' dir='ltr'><strong><em>ia</em></strong></span> <span class='ocrx_word' id='word_1_495' title='bbox 375 3265 431 3319; x_wconf 83' lang='lat' dir='ltr'><strong><em>iota</em></strong></span> <span class='ocrx_word' id='word_1_496' title='bbox 442 3267 498 3329; x_wconf 84' lang='lat' dir='ltr'><strong><em>boc,</em></strong></span> <span class='ocrx_word' id='word_1_497' title='bbox 513 3276 539 3322; x_wconf 88' lang='lat' dir='ltr'><strong><em>tu</em></strong></span> <span class='ocrx_word' id='word_1_498' title='bbox 549 3270 672 3326; x_wconf 80' lang='lat' dir='ltr'><strong><em>exaudies</em></strong></span> <span class='ocrx_word' id='word_1_499' title='bbox 681 3274 708 3327; x_wconf 89' lang='lat' dir='ltr'><strong><em>iu</em></strong></span> <span class='ocrx_word' id='word_1_500' title='bbox 717 3275 789 3340; x_wconf 78' lang='lat' dir='ltr'><strong><em>coeto,</em></strong></span> <span class='ocrx_word' id='word_1_501' title='bbox 802 3277 829 3329; x_wconf 83' lang='lat' dir='ltr'><strong><em>in</em></strong></span> <span class='ocrx_word' id='word_1_502' title='bbox 839 3278 1001 3345; x_wconf 73' lang='lat' dir='ltr'><strong><em>firmamenta</em></strong></span> <span class='ocrx_word' id='word_1_503' title='bbox 1014 3254 1037 3315; x_wconf 72' lang='lat' dir='ltr'>C</span> <span class='ocrx_word' id='word_1_504' title='bbox 1052 3271 1145 3338; x_wconf 89' lang='lat' dir='ltr'><strong><em>miitia,</em></strong></span> <span class='ocrx_word' id='word_1_505' title='bbox 1158 3273 1276 3325; x_wconf 81' lang='lat' dir='ltr'><strong><em>etapium</em></strong></span> <span class='ocrx_word' id='word_1_506' title='bbox 1292 3280 1392 3325; x_wconf 86' lang='lat' dir='ltr'><strong><em>eentum</em></strong></span> <span class='ocrx_word' id='word_1_507' title='bbox 1407 3272 1496 3343; x_wconf 83' lang='lat' dir='ltr'><strong><em>aipinti</em></strong></span> <span class='ocrx_word' id='word_1_508' title='bbox 1511 3270 1602 3339; x_wconf 77' lang='lat' dir='ltr'><strong><em>mitia,</em></strong></span> <span class='ocrx_word' id='word_1_509' title='bbox 1615 3280 1640 3325; x_wconf 87' lang='lat' dir='ltr'><strong><em>et</em></strong></span> <span class='ocrx_word' id='word_1_510' title='bbox 1655 3270 1832 3326; x_wconf 81' lang='lat' dir='ltr'><strong><em>dedicaverunt</em></strong></span> 
     </span>
     <span class='ocr_line' id='line_1_38' title="bbox 217 3349 1832 3437; baseline -0.002 -23"><span class='ocrx_word' id='word_1_511' title='bbox 217 3349 356 3408; x_wconf 60' lang='lat' dir='ltr'><strong><em>bssfflmii</em></strong></span> <span class='ocrx_word' id='word_1_512' title='bbox 369 3357 417 3423; x_wconf 88' lang='lat' dir='ltr'><strong><em>tui,</em></strong></span> <span class='ocrx_word' id='word_1_513' title='bbox 430 3368 455 3411; x_wconf 89' lang='lat' dir='ltr'><strong><em>et</em></strong></span> <span class='ocrx_word' id='word_1_514' title='bbox 466 3361 545 3429; x_wconf 76' lang='lat' dir='ltr'><strong><em>iacies</em></strong></span> <span class='ocrx_word' id='word_1_515' title='bbox 559 3365 645 3416; x_wconf 89' lang='lat' dir='ltr'><strong><em>omnia</em></strong></span> <span class='ocrx_word' id='word_1_516' title='bbox 659 3382 706 3433; x_wconf 84' lang='lat' dir='ltr'><strong><em>pro</em></strong></span> <span class='ocrx_word' id='word_1_517' title='bbox 714 3366 803 3437; x_wconf 76' lang='lat' dir='ltr'><strong><em>quibem</em></strong></span> <span class='ocrx_word' id='word_1_518' title='bbox 817 3368 968 3423; x_wconf 74' lang='lat' dir='ltr'><strong><em>invocaverit</em></strong></span> <span class='ocrx_word' id='word_1_519' title='bbox 979 3379 1002 3424; x_wconf 64' lang='lat' dir='ltr'><strong><em>re</em></strong></span> <span class='ocrx_word' id='word_1_520' title='bbox 1053 3361 1172 3431; x_wconf 88' lang='lat' dir='ltr'><strong><em>tempium</em></strong></span> <span class='ocrx_word' id='word_1_521' title='bbox 1185 3356 1290 3414; x_wconf 88' lang='lat' dir='ltr'><strong><em>Domini</em></strong></span> <span class='ocrx_word' id='word_1_522' title='bbox 1301 3377 1347 3414; x_wconf 85' lang='lat' dir='ltr'><strong><em>rea</em></strong></span> <span class='ocrx_word' id='word_1_523' title='bbox 1360 3369 1385 3414; x_wconf 87' lang='lat' dir='ltr'><strong><em>et</em></strong></span> <span class='ocrx_word' id='word_1_524' title='bbox 1397 3360 1447 3430; x_wconf 72' lang='lat' dir='ltr'><strong><em>ptri</em></strong></span> <span class='ocrx_word' id='word_1_525' title='bbox 1462 3358 1557 3414; x_wconf 85' lang='lat' dir='ltr'><strong><em>israei.</em></strong></span> <span class='ocrx_word' id='word_1_526' title='bbox 1576 3358 1610 3414; x_wconf 86' lang='lat' dir='ltr'><strong><em>bn</em></strong></span> <span class='ocrx_word' id='word_1_527' title='bbox 1624 3360 1666 3413; x_wconf 90' lang='lat' dir='ltr'><strong><em>die</em></strong></span> <span class='ocrx_word' id='word_1_528' title='bbox 1679 3359 1726 3413; x_wconf 87' lang='lat' dir='ltr'><strong><em>iiia</em></strong></span> <span class='ocrx_word' id='word_1_529' title='bbox 1737 3359 1832 3413; x_wconf 82' lang='lat' dir='ltr'><strong><em>sancti·</em></strong></span> 
     </span>
     <span class='ocr_line' id='line_1_39' title="bbox 217 3438 1833 3524; baseline 0.019 -32"><span class='ocrx_word' id='word_1_530' title='bbox 217 3438 371 3513; x_wconf 80' lang='lat' dir='ltr'><strong><em>aiienipena,</em></strong></span> <span class='ocrx_word' id='word_1_531' title='bbox 386 3454 415 3499; x_wconf 92' lang='lat' dir='ltr'><strong><em>ut</em></strong></span> <span class='ocrx_word' id='word_1_532' title='bbox 427 3448 528 3504; x_wconf 73' lang='lat' dir='ltr'><strong><em>abeant</em></strong></span> <span class='ocrx_word' id='word_1_533' title='bbox 542 3454 655 3507; x_wconf 83' lang='lat' dir='ltr'><strong><em>uniuersi</em></strong></span> <span class='ocrx_word' id='word_1_534' title='bbox 667 3457 755 3524; x_wconf 88' lang='lat' dir='ltr'><strong><em>papati</em></strong></span> <span class='ocrx_word' id='word_1_535' title='bbox 769 3466 896 3514; x_wconf 88' lang='lat' dir='ltr'><strong><em>terramm</em></strong></span> <span class='ocrx_word' id='word_1_536' title='bbox 909 3476 1001 3516; x_wconf 88' lang='lat' dir='ltr'><strong><em>nomeu</em></strong></span> <span class='ocrx_word' id='word_1_537' title='bbox 1051 3450 1137 3519; x_wconf 65' lang='lat' dir='ltr'><strong><em>fiiaii&#39;i</em></strong></span> <span class='ocrx_word' id='word_1_538' title='bbox 1149 3465 1196 3503; x_wconf 68' lang='lat'><strong><em>&#39;³5⁶</em></strong></span> <span class='ocrx_word' id='word_1_539' title='bbox 1213 3448 1323 3502; x_wconf 62' lang='lat' dir='ltr'><strong><em>mediim</em></strong></span> <span class='ocrx_word' id='word_1_540' title='bbox 1340 3447 1411 3516; x_wconf 63' lang='lat' dir='ltr'><strong><em>“iiiii</em></strong></span> <span class='ocrx_word' id='word_1_541' title='bbox 1426 3447 1494 3520; x_wconf 63' lang='lat' dir='ltr'><strong><em>‘im</em></strong></span> <span class='ocrx_word' id='word_1_542' title='bbox 1513 3458 1567 3501; x_wconf 64' lang='grc' dir='ltr'><strong><em>Μ’</em></strong></span> <span class='ocrx_word' id='word_1_543' title='bbox 1581 3457 1643 3501; x_wconf 63' lang='lat' dir='ltr'><strong><em>“me</em></strong></span> <span class='ocrx_word' id='word_1_544' title='bbox 1658 3448 1761 3501; x_wconf 60' lang='lat' dir='ltr'><strong><em>dmm</em></strong></span> <span class='ocrx_word' id='word_1_545' title='bbox 1779 3444 1833 3500; x_wconf 46' lang='grc' dir='ltr'><strong><em>ὓ*</em></strong></span> 
     </span>
    </p>
   </div>
   <div class='ocr_carea' id='block_1_7' title="bbox 137 3536 1884 4875">
    <p class='ocr_par' dir='ltr' id='par_1_8' title="bbox 137 3536 1884 4875">
     <span class='ocr_line' id='line_1_40' title="bbox 217 3536 1835 3623; baseline -0.003 -30"><span class='ocrx_word' id='word_1_546' title='bbox 217 3536 474 3606; x_wconf 57' lang='lat' dir='ltr'><strong><em>terminaremus</em></strong></span> <span class='ocrx_word' id='word_1_547' title='bbox 487 3545 595 3613; x_wconf 88' lang='lat' dir='ltr'><strong><em>popuius</em></strong></span> <span class='ocrx_word' id='word_1_548' title='bbox 609 3544 710 3602; x_wconf 84' lang='lat' dir='ltr'><strong><em>israei:</em></strong></span> <span class='ocrx_word' id='word_1_549' title='bbox 722 3559 747 3603; x_wconf 86' lang='lat' dir='ltr'><strong><em>et</em></strong></span> <span class='ocrx_word' id='word_1_550' title='bbox 761 3552 867 3620; x_wconf 86' lang='lat' dir='ltr'><strong><em>probent</em></strong></span> <span class='ocrx_word' id='word_1_551' title='bbox 878 3554 938 3623; x_wconf 80' lang='lat' dir='ltr'><strong><em>quia</em></strong></span> <span class='ocrx_word' id='word_1_552' title='bbox 951 3571 1001 3609; x_wconf 67' lang='grc' dir='ltr'><strong><em>ιω.</em></strong></span> <span class='ocrx_word' id='word_1_553' title='bbox 1051 3539 1124 3594; x_wconf 88' lang='lat' dir='ltr'><strong><em>asini.</em></strong></span> <span class='ocrx_word' id='word_1_554' title='bbox 1146 3537 1219 3593; x_wconf 82' lang='lat' dir='ltr'><strong><em>Fecit</em></strong></span> <span class='ocrx_word' id='word_1_555' title='bbox 1236 3546 1321 3591; x_wconf 85' lang='lat' dir='ltr'><strong><em>autent</em></strong></span> <span class='ocrx_word' id='word_1_556' title='bbox 1335 3536 1371 3591; x_wconf 89' lang='lat' dir='ltr'><strong><em>ibi</em></strong></span> <span class='ocrx_word' id='word_1_557' title='bbox 1385 3537 1569 3603; x_wconf 78' lang='lat' dir='ltr'><strong><em>holocaustum,</em></strong></span> <span class='ocrx_word' id='word_1_558' title='bbox 1583 3545 1607 3590; x_wconf 86' lang='lat' dir='ltr'><strong><em>et</em></strong></span> <span class='ocrx_word' id='word_1_559' title='bbox 1624 3536 1791 3605; x_wconf 71' lang='lat' dir='ltr'><strong><em>sacrificium,</em></strong></span> <span class='ocrx_word' id='word_1_560' title='bbox 1808 3542 1835 3617; x_wconf 86' lang='lat' dir='ltr'><strong><em>ot</em></strong></span> 
     </span>
     <span class='ocr_line' id='line_1_41' title="bbox 217 3628 1834 3713; baseline -0.004 -27"><span class='ocrx_word' id='word_1_561' title='bbox 217 3638 274 3678; x_wconf 68' lang='lat' dir='ltr'><strong><em>men</em></strong></span> <span class='ocrx_word' id='word_1_562' title='bbox 288 3635 360 3681; x_wconf 83' lang='lat' dir='ltr'><strong><em>mam</em></strong></span> <span class='ocrx_word' id='word_1_563' title='bbox 367 3630 512 3685; x_wconf 80' lang='lat' dir='ltr'><strong><em>invocatam</em></strong></span> <span class='ocrx_word' id='word_1_564' title='bbox 520 3643 558 3687; x_wconf 88' lang='lat' dir='ltr'><strong><em>est</em></strong></span> <span class='ocrx_word' id='word_1_565' title='bbox 568 3651 644 3703; x_wconf 85' lang='lat' dir='ltr'><strong><em>super</em></strong></span> <span class='ocrx_word' id='word_1_566' title='bbox 652 3637 755 3693; x_wconf 75' lang='lat' dir='ltr'><strong><em>daniam</em></strong></span> <span class='ocrx_word' id='word_1_567' title='bbox 765 3640 841 3706; x_wconf 71' lang='lat' dir='ltr'><strong><em>pana,</em></strong></span> <span class='ocrx_word' id='word_1_568' title='bbox 852 3658 928 3713; x_wconf 71' lang='lat' dir='ltr'><strong><em>qaam</em></strong></span> <span class='ocrx_word' id='word_1_569' title='bbox 938 3644 1002 3698; x_wconf 55' lang='grc' dir='ltr'><strong><em>(ραι.</em></strong></span> <span class='ocrx_word' id='word_1_570' title='bbox 1051 3632 1153 3702; x_wconf 85' lang='lat' dir='ltr'><strong><em>adipem</em></strong></span> <span class='ocrx_word' id='word_1_571' title='bbox 1167 3632 1348 3701; x_wconf 67' lang='lat' dir='ltr'><strong><em>paoificorum·</em></strong></span> <span class='ocrx_word' id='word_1_572' title='bbox 1363 3630 1423 3700; x_wconf 79' lang='lat' dir='ltr'><strong><em>qaia</em></strong></span> <span class='ocrx_word' id='word_1_573' title='bbox 1440 3629 1522 3683; x_wconf 83' lang='lat' dir='ltr'><strong><em>attare</em></strong></span> <span class='ocrx_word' id='word_1_574' title='bbox 1535 3645 1631 3682; x_wconf 83' lang='lat' dir='ltr'><strong><em>testeam</em></strong></span> <span class='ocrx_word' id='word_1_575' title='bbox 1643 3628 1710 3699; x_wconf 81' lang='lat' dir='ltr'><strong><em>quod</em></strong></span> <span class='ocrx_word' id='word_1_576' title='bbox 1723 3637 1834 3682; x_wconf 86' lang='lat' dir='ltr'><strong><em>etat-ca·</em></strong></span> 
     </span>
     <span class='ocr_line' id='line_1_42' title="bbox 217 3715 1835 3816; baseline -0.006 -38"><span class='ocrx_word' id='word_1_577' title='bbox 217 3715 301 3784; x_wconf 66' lang='lat' dir='ltr'><strong><em>bewi-</em></strong></span> <span class='ocrx_word' id='word_1_578' title='bbox 316 3716 347 3771; x_wconf 65' lang='grc' dir='ltr'><strong><em>δι’</em></strong></span> <span class='ocrx_word' id='word_1_579' title='bbox 363 3734 480 3789; x_wconf 69' lang='lat' dir='ltr'><strong><em>tyresius</em></strong></span> <span class='ocrx_word' id='word_1_580' title='bbox 500 3723 579 3791; x_wconf 71' lang='lat' dir='ltr'><strong><em>[uerit</em></strong></span> <span class='ocrx_word' id='word_1_581' title='bbox 590 3726 699 3794; x_wconf 82' lang='lat' dir='ltr'><strong><em>papatus</em></strong></span> <span class='ocrx_word' id='word_1_582' title='bbox 713 3736 771 3782; x_wconf 85' lang='lat' dir='ltr'><strong><em>tuus</em></strong></span> <span class='ocrx_word' id='word_1_583' title='bbox 783 3729 819 3782; x_wconf 73' lang='lat' dir='ltr'><strong><em>asi</em></strong></span> <span class='ocrx_word' id='word_1_584' title='bbox 832 3730 924 3786; x_wconf 70' lang='lat' dir='ltr'><strong><em>tetiam</em></strong></span> <span class='ocrx_word' id='word_1_585' title='bbox 937 3748 1000 3787; x_wconf 86' lang='lat' dir='ltr'><strong><em>can·</em></strong></span> <span class='ocrx_word' id='word_1_586' title='bbox 1051 3739 1107 3777; x_wconf 85' lang='lat' dir='ltr'><strong><em>ram</em></strong></span> <span class='ocrx_word' id='word_1_587' title='bbox 1121 3720 1243 3789; x_wconf 88' lang='lat' dir='ltr'><strong><em>Domino,</em></strong></span> <span class='ocrx_word' id='word_1_588' title='bbox 1253 3721 1337 3775; x_wconf 87' lang='lat' dir='ltr'><strong><em>minus</em></strong></span> <span class='ocrx_word' id='word_1_589' title='bbox 1350 3728 1414 3781; x_wconf 86' lang='lat' dir='ltr'><strong><em>erat,</em></strong></span> <span class='ocrx_word' id='word_1_590' title='bbox 1429 3729 1454 3773; x_wconf 89' lang='lat' dir='ltr'><strong><em>et</em></strong></span> <span class='ocrx_word' id='word_1_591' title='bbox 1476 3734 1565 3787; x_wconf 87' lang='lat' dir='ltr'><strong><em>capere</em></strong></span> <span class='ocrx_word' id='word_1_592' title='bbox 1579 3734 1630 3773; x_wconf 91' lang='lat' dir='ltr'><strong><em>non</em></strong></span> <span class='ocrx_word' id='word_1_593' title='bbox 1649 3724 1748 3788; x_wconf 88' lang='lat' dir='ltr'><strong><em>poterat</em></strong></span> <span class='ocrx_word' id='word_1_594' title='bbox 1762 3715 1835 3816; x_wconf 75' lang='lat' dir='ltr'><strong><em>boio·</em></strong></span> 
     </span>
     <span class='ocr_line' id='line_1_43' title="bbox 217 3804 1834 3888; baseline -0.001 -29"><span class='ocrx_word' id='word_1_595' title='bbox 217 3816 257 3859; x_wconf 90' lang='lat' dir='ltr'><strong><em>tra</em></strong></span> <span class='ocrx_word' id='word_1_596' title='bbox 266 3808 383 3863; x_wconf 89' lang='lat' dir='ltr'><strong><em>inimicas</em></strong></span> <span class='ocrx_word' id='word_1_597' title='bbox 393 3826 462 3873; x_wconf 88' lang='lat' dir='ltr'><strong><em>suos,</em></strong></span> <span class='ocrx_word' id='word_1_598' title='bbox 474 3828 520 3879; x_wconf 90' lang='lat' dir='ltr'><strong><em>per</em></strong></span> <span class='ocrx_word' id='word_1_599' title='bbox 529 3813 596 3866; x_wconf 88' lang='lat' dir='ltr'><strong><em>aiam</em></strong></span> <span class='ocrx_word' id='word_1_600' title='bbox 608 3831 755 3888; x_wconf 72' lang='lat' dir='ltr'><strong><em>maenaque</em></strong></span> <span class='ocrx_word' id='word_1_601' title='bbox 768 3820 868 3873; x_wconf 87' lang='lat' dir='ltr'><strong><em>miseris</em></strong></span> <span class='ocrx_word' id='word_1_602' title='bbox 877 3836 930 3885; x_wconf 85' lang='lat' dir='ltr'><strong><em>eos,</em></strong></span> <span class='ocrx_word' id='word_1_603' title='bbox 941 3838 1002 3876; x_wconf 82' lang='lat' dir='ltr'><strong><em>ara.</em></strong></span> <span class='ocrx_word' id='word_1_604' title='bbox 1050 3822 1178 3878; x_wconf 86' lang='lat' dir='ltr'><strong><em>caustum,</em></strong></span> <span class='ocrx_word' id='word_1_605' title='bbox 1191 3820 1216 3864; x_wconf 88' lang='lat' dir='ltr'><strong><em>et</em></strong></span> <span class='ocrx_word' id='word_1_606' title='bbox 1227 3810 1391 3880; x_wconf 78' lang='lat' dir='ltr'><strong><em>sacrificium,</em></strong></span> <span class='ocrx_word' id='word_1_607' title='bbox 1407 3818 1432 3862; x_wconf 88' lang='lat' dir='ltr'><strong><em>et</em></strong></span> <span class='ocrx_word' id='word_1_608' title='bbox 1452 3809 1552 3879; x_wconf 88' lang='lat' dir='ltr'><strong><em>adipem</em></strong></span> <span class='ocrx_word' id='word_1_609' title='bbox 1565 3808 1740 3879; x_wconf 70' lang='lat' dir='ltr'><strong><em>pacificorum.</em></strong></span> <span class='ocrx_word' id='word_1_610' title='bbox 1760 3804 1834 3860; x_wconf 75' lang='lat' dir='ltr'><strong><em>reos</em></strong></span> 
     </span>
     <span class='ocr_line' id='line_1_44' title="bbox 137 3878 1834 3976; baseline -0.004 -20"><span class='ocrx_word' id='word_1_611' title='bbox 137 3878 141 3883; x_wconf 75' lang='lat'><em>.</em></span> <span class='ocrx_word' id='word_1_612' title='bbox 216 3894 280 3947; x_wconf 73' lang='lat' dir='ltr'><strong><em>bimi</em></strong></span> <span class='ocrx_word' id='word_1_613' title='bbox 294 3904 318 3948; x_wconf 75' lang='lat' dir='ltr'><strong><em>ie</em></strong></span> <span class='ocrx_word' id='word_1_614' title='bbox 335 3905 426 3950; x_wconf 71' lang='lat' dir='ltr'><strong><em>contra</em></strong></span> <span class='ocrx_word' id='word_1_615' title='bbox 439 3897 508 3953; x_wconf 77' lang='lat' dir='ltr'><strong><em>viam</em></strong></span> <span class='ocrx_word' id='word_1_616' title='bbox 528 3901 637 3954; x_wconf 86' lang='lat' dir='ltr'><strong><em>ciuitatis</em></strong></span> <span class='ocrx_word' id='word_1_617' title='bbox 656 3898 737 3973; x_wconf 80' lang='lat' dir='ltr'><strong><em>quatu</em></strong></span> <span class='ocrx_word' id='word_1_618' title='bbox 748 3904 858 3976; x_wconf 76' lang='lat' dir='ltr'><strong><em>etapiui,</em></strong></span> <span class='ocrx_word' id='word_1_619' title='bbox 872 3916 897 3960; x_wconf 87' lang='lat' dir='ltr'><strong><em>et</em></strong></span> <span class='ocrx_word' id='word_1_620' title='bbox 911 3917 1001 3962; x_wconf 79' lang='lat' dir='ltr'><strong><em>cantro</em></strong></span> <span class='ocrx_word' id='word_1_621' title='bbox 1029 3930 1035 3943; x_wconf 62' lang='grc' dir='ltr'>ι</span> <span class='ocrx_word' id='word_1_622' title='bbox 1051 3920 1111 3974; x_wconf 79' lang='lat' dir='ltr'><strong><em>erpo</em></strong></span> <span class='ocrx_word' id='word_1_623' title='bbox 1126 3902 1250 3956; x_wconf 85' lang='lat' dir='ltr'><strong><em>Saiatuon</em></strong></span> <span class='ocrx_word' id='word_1_624' title='bbox 1264 3902 1290 3954; x_wconf 91' lang='lat' dir='ltr'><strong><em>in</em></strong></span> <span class='ocrx_word' id='word_1_625' title='bbox 1305 3908 1417 3970; x_wconf 86' lang='lat' dir='ltr'><strong><em>tempore</em></strong></span> <span class='ocrx_word' id='word_1_626' title='bbox 1430 3898 1474 3952; x_wconf 85' lang='lat' dir='ltr'><strong><em>iiia</em></strong></span> <span class='ocrx_word' id='word_1_627' title='bbox 1488 3899 1649 3968; x_wconf 73' lang='lat' dir='ltr'><strong><em>[estiaitatem</em></strong></span> <span class='ocrx_word' id='word_1_628' title='bbox 1659 3895 1796 3965; x_wconf 67' lang='lat' dir='ltr'><strong><em>&#39;celebrem</em></strong></span> <span class='ocrx_word' id='word_1_629' title='bbox 1810 3907 1834 3951; x_wconf 86' lang='lat' dir='ltr'><strong><em>et</em></strong></span> 
     </span>
     <span class='ocr_line' id='line_1_45' title="bbox 217 3983 1834 4058; baseline 0 -22"><span class='ocrx_word' id='word_1_630' title='bbox 217 3984 320 4038; x_wconf 90' lang='lat' dir='ltr'><strong><em>domum</em></strong></span> <span class='ocrx_word' id='word_1_631' title='bbox 340 4000 417 4056; x_wconf 75' lang='lat' dir='ltr'><strong><em>ptam</em></strong></span> <span class='ocrx_word' id='word_1_632' title='bbox 435 3986 563 4056; x_wconf 79' lang='lat' dir='ltr'><strong><em>aedificari</em></strong></span> <span class='ocrx_word' id='word_1_633' title='bbox 587 3993 685 4047; x_wconf 89' lang='lat' dir='ltr'><strong><em>nomini</em></strong></span> <span class='ocrx_word' id='word_1_634' title='bbox 703 4002 761 4058; x_wconf 88' lang='lat' dir='ltr'><strong><em>tna,</em></strong></span> <span class='ocrx_word' id='word_1_635' title='bbox 782 4006 807 4049; x_wconf 92' lang='lat' dir='ltr'><strong><em>et</em></strong></span> <span class='ocrx_word' id='word_1_636' title='bbox 829 3997 952 4052; x_wconf 79' lang='lat' dir='ltr'><strong><em>exaudies</em></strong></span> <span class='ocrx_word' id='word_1_637' title='bbox 973 4000 1000 4052; x_wconf 92' lang='lat' dir='ltr'><strong><em>in</em></strong></span> <span class='ocrx_word' id='word_1_638' title='bbox 1052 3994 1135 4047; x_wconf 82' lang='lat' dir='ltr'><strong><em>omm&#39;s</em></strong></span> <span class='ocrx_word' id='word_1_639' title='bbox 1158 3990 1243 4047; x_wconf 87' lang='lat' dir='ltr'><strong><em>israei</em></strong></span> <span class='ocrx_word' id='word_1_640' title='bbox 1266 4006 1324 4043; x_wconf 88' lang='lat' dir='ltr'><strong><em>eum</em></strong></span> <span class='ocrx_word' id='word_1_641' title='bbox 1347 4005 1387 4050; x_wconf 89' lang='lat' dir='ltr'><strong><em>ea,</em></strong></span> <span class='ocrx_word' id='word_1_642' title='bbox 1408 3987 1542 4040; x_wconf 79' lang='lat' dir='ltr'><strong><em>multitado</em></strong></span> <span class='ocrx_word' id='word_1_643' title='bbox 1562 4000 1658 4056; x_wconf 74' lang='lat' dir='ltr'><strong><em>mapna</em></strong></span> <span class='ocrx_word' id='word_1_644' title='bbox 1679 3983 1710 4037; x_wconf 91' lang='lat' dir='ltr'><strong><em>ab</em></strong></span> <span class='ocrx_word' id='word_1_645' title='bbox 1729 3985 1834 4039; x_wconf 87' lang='lat' dir='ltr'><strong><em>introita</em></strong></span> 
     </span>
     <span class='ocr_line' id='line_1_46' title="bbox 217 4063 1835 4158; baseline -0.001 -27"><span class='ocrx_word' id='word_1_646' title='bbox 217 4072 279 4131; x_wconf 81' lang='lat' dir='ltr'><strong><em>taio</em></strong></span> <span class='ocrx_word' id='word_1_647' title='bbox 293 4076 434 4130; x_wconf 86' lang='lat' dir='ltr'><strong><em>orationem</em></strong></span> <span class='ocrx_word' id='word_1_648' title='bbox 447 4093 535 4132; x_wconf 87' lang='lat' dir='ltr'><strong><em>eorum</em></strong></span> <span class='ocrx_word' id='word_1_649' title='bbox 550 4090 574 4133; x_wconf 87' lang='lat' dir='ltr'><strong><em>et</em></strong></span> <span class='ocrx_word' id='word_1_650' title='bbox 588 4098 674 4151; x_wconf 86' lang='lat' dir='ltr'><strong><em>preces</em></strong></span> <span class='ocrx_word' id='word_1_651' title='bbox 685 4098 783 4150; x_wconf 88' lang='lat' dir='ltr'><strong><em>earum,</em></strong></span> <span class='ocrx_word' id='word_1_652' title='bbox 797 4095 821 4139; x_wconf 89' lang='lat' dir='ltr'><strong><em>et</em></strong></span> <span class='ocrx_word' id='word_1_653' title='bbox 838 4089 916 4157; x_wconf 70' lang='lat' dir='ltr'><strong><em>{aries</em></strong></span> <span class='ocrx_word' id='word_1_654' title='bbox 926 4063 1000 4158; x_wconf 51' lang='lat' dir='ltr'><strong><em>p&#39;a’di-</em></strong></span> <span class='ocrx_word' id='word_1_655' title='bbox 1051 4082 1147 4137; x_wconf 82' lang='lat' dir='ltr'><strong><em>Ematit</em></strong></span> <span class='ocrx_word' id='word_1_656' title='bbox 1161 4096 1240 4148; x_wconf 84' lang='lat' dir='ltr'><strong><em>usqae</em></strong></span> <span class='ocrx_word' id='word_1_657' title='bbox 1253 4079 1287 4131; x_wconf 92' lang='lat' dir='ltr'><strong><em>ad</em></strong></span> <span class='ocrx_word' id='word_1_658' title='bbox 1300 4074 1497 4147; x_wconf 79' lang='lat' dir='ltr'><strong><em>rimnsAEpppti</em></strong></span> <span class='ocrx_word' id='word_1_659' title='bbox 1507 4091 1593 4129; x_wconf 87' lang='lat' dir='ltr'><strong><em>coram</em></strong></span> <span class='ocrx_word' id='word_1_660' title='bbox 1603 4074 1713 4128; x_wconf 77' lang='lat' dir='ltr'><strong><em>Domitio</em></strong></span> <span class='ocrx_word' id='word_1_661' title='bbox 1725 4073 1778 4127; x_wconf 92' lang='lat' dir='ltr'><strong><em>Deo</em></strong></span> <span class='ocrx_word' id='word_1_662' title='bbox 1788 4090 1835 4127; x_wconf 70' lang='lat' dir='ltr'><strong><em>aa</em></strong></span> 
     </span>
     <span class='ocr_line' id='line_1_47' title="bbox 218 4164 1884 4264; baseline -0.001 -47"><span class='ocrx_word' id='word_1_663' title='bbox 218 4165 284 4218; x_wconf 71' lang='lat' dir='ltr'><strong><em>dam</em></strong></span> <span class='ocrx_word' id='word_1_664' title='bbox 297 4180 395 4220; x_wconf 86' lang='lat' dir='ltr'><strong><em>eorum.</em></strong></span> <span class='ocrx_word' id='word_1_665' title='bbox 420 4165 496 4231; x_wconf 83' lang='lat' dir='ltr'><strong><em>Quod</em></strong></span> <span class='ocrx_word' id='word_1_666' title='bbox 513 4170 537 4223; x_wconf 91' lang='lat' dir='ltr'><strong><em>si</em></strong></span> <span class='ocrx_word' id='word_1_667' title='bbox 554 4173 714 4242; x_wconf 81' lang='lat' dir='ltr'><strong><em>peccauerint</em></strong></span> <span class='ocrx_word' id='word_1_668' title='bbox 732 4175 776 4229; x_wconf 87' lang='lat' dir='ltr'><strong><em>tibi</em></strong></span> <span class='ocrx_word' id='word_1_669' title='bbox 796 4178 858 4247; x_wconf 87' lang='lat' dir='ltr'><strong><em>(nan</em></strong></span> <span class='ocrx_word' id='word_1_670' title='bbox 876 4186 915 4232; x_wconf 86' lang='lat' dir='ltr'><strong><em>est</em></strong></span> <span class='ocrx_word' id='word_1_671' title='bbox 933 4180 1002 4234; x_wconf 87' lang='lat' dir='ltr'><strong><em>enim</em></strong></span> <span class='ocrx_word' id='word_1_672' title='bbox 1052 4184 1106 4230; x_wconf 84' lang='lat' dir='ltr'><strong><em>stro</em></strong></span> <span class='ocrx_word' id='word_1_673' title='bbox 1118 4182 1213 4244; x_wconf 87' lang='lat' dir='ltr'><strong><em>septem</em></strong></span> <span class='ocrx_word' id='word_1_674' title='bbox 1231 4168 1319 4224; x_wconf 85' lang='lat' dir='ltr'><strong><em>diebus</em></strong></span> <span class='ocrx_word' id='word_1_675' title='bbox 1332 4179 1357 4223; x_wconf 90' lang='lat' dir='ltr'><strong><em>et</em></strong></span> <span class='ocrx_word' id='word_1_676' title='bbox 1365 4176 1460 4240; x_wconf 89' lang='lat' dir='ltr'><strong><em>septem</em></strong></span> <span class='ocrx_word' id='word_1_677' title='bbox 1474 4166 1571 4229; x_wconf 85' lang='lat' dir='ltr'><strong><em>diebus,</em></strong></span> <span class='ocrx_word' id='word_1_678' title='bbox 1592 4165 1620 4219; x_wconf 92' lang='lat' dir='ltr'><strong><em>id</em></strong></span> <span class='ocrx_word' id='word_1_679' title='bbox 1631 4175 1669 4219; x_wconf 89' lang='lat' dir='ltr'><strong><em>est</em></strong></span> <span class='ocrx_word' id='word_1_680' title='bbox 1682 4164 1836 4264; x_wconf 43' lang='lat' dir='ltr'><strong><em>quatuorde:</em></strong></span> <span class='ocrx_word' id='word_1_681' title='bbox 1877 4246 1884 4257; x_wconf 36' lang='grc' dir='ltr'>Ι</span> 
     </span>
     <span class='ocr_line' id='line_1_48' title="bbox 218 4251 1836 4354; baseline -0.001 -47"><span class='ocrx_word' id='word_1_682' title='bbox 218 4256 293 4309; x_wconf 87' lang='lat' dir='ltr'><strong><em>bomo</em></strong></span> <span class='ocrx_word' id='word_1_683' title='bbox 306 4257 349 4327; x_wconf 84' lang='lat' dir='ltr'><strong><em>qui</em></strong></span> <span class='ocrx_word' id='word_1_684' title='bbox 364 4273 413 4311; x_wconf 89' lang='lat' dir='ltr'><strong><em>noa</em></strong></span> <span class='ocrx_word' id='word_1_685' title='bbox 428 4261 536 4329; x_wconf 83' lang='lat' dir='ltr'><strong><em>peccet),</em></strong></span> <span class='ocrx_word' id='word_1_686' title='bbox 550 4271 576 4315; x_wconf 86' lang='lat' dir='ltr'><strong><em>et</em></strong></span> <span class='ocrx_word' id='word_1_687' title='bbox 586 4264 667 4318; x_wconf 90' lang='lat' dir='ltr'><strong><em>iratus</em></strong></span> <span class='ocrx_word' id='word_1_688' title='bbox 684 4265 821 4320; x_wconf 86' lang='lat' dir='ltr'><strong><em>tradideris</em></strong></span> <span class='ocrx_word' id='word_1_689' title='bbox 834 4285 877 4323; x_wconf 89' lang='lat' dir='ltr'><strong><em>eas</em></strong></span> <span class='ocrx_word' id='word_1_690' title='bbox 890 4268 1002 4324; x_wconf 81' lang='lat' dir='ltr'><strong><em>inimicis</em></strong></span> <span class='ocrx_word' id='word_1_691' title='bbox 1052 4266 1101 4319; x_wconf 84' lang='lat' dir='ltr'><strong><em>cim</em></strong></span> <span class='ocrx_word' id='word_1_692' title='bbox 1115 4264 1211 4325; x_wconf 86' lang='lat' dir='ltr'><strong><em>diebus,</em></strong></span> <span class='ocrx_word' id='word_1_693' title='bbox 1234 4269 1259 4313; x_wconf 89' lang='lat' dir='ltr'><strong><em>et</em></strong></span> <span class='ocrx_word' id='word_1_694' title='bbox 1284 4260 1311 4312; x_wconf 90' lang='lat' dir='ltr'><strong><em>in</em></strong></span> <span class='ocrx_word' id='word_1_695' title='bbox 1333 4259 1375 4312; x_wconf 90' lang='lat' dir='ltr'><strong><em>die</em></strong></span> <span class='ocrx_word' id='word_1_696' title='bbox 1392 4266 1480 4311; x_wconf 85' lang='lat' dir='ltr'><strong><em>octaua</em></strong></span> <span class='ocrx_word' id='word_1_697' title='bbox 1498 4255 1596 4309; x_wconf 87' lang='lat' dir='ltr'><strong><em>dimisit</em></strong></span> <span class='ocrx_word' id='word_1_698' title='bbox 1621 4253 1737 4324; x_wconf 88' lang='lat' dir='ltr'><strong><em>papaios.</em></strong></span> <span class='ocrx_word' id='word_1_699' title='bbox 1752 4251 1836 4354; x_wconf 67' lang='lat' dir='ltr'><strong><em>iudet</em></strong></span> 
     </span>
     <span class='ocr_line' id='line_1_49' title="bbox 218 4343 1845 4442; baseline -0.001 -45"><span class='ocrx_word' id='word_1_700' title='bbox 218 4343 280 4407; x_wconf 85' lang='lat' dir='ltr'><strong><em>sais,</em></strong></span> <span class='ocrx_word' id='word_1_701' title='bbox 292 4353 316 4398; x_wconf 87' lang='lat' dir='ltr'><strong><em>et</em></strong></span> <span class='ocrx_word' id='word_1_702' title='bbox 325 4344 417 4415; x_wconf 86' lang='lat' dir='ltr'><strong><em>captiui</em></strong></span> <span class='ocrx_word' id='word_1_703' title='bbox 430 4347 500 4401; x_wconf 89' lang='lat' dir='ltr'><strong><em>ducti</em></strong></span> <span class='ocrx_word' id='word_1_704' title='bbox 510 4351 604 4419; x_wconf 71' lang='lat' dir='ltr'><strong><em>{uenat</em></strong></span> <span class='ocrx_word' id='word_1_705' title='bbox 614 4352 641 4405; x_wconf 93' lang='lat' dir='ltr'><strong><em>in</em></strong></span> <span class='ocrx_word' id='word_1_706' title='bbox 652 4362 746 4407; x_wconf 72' lang='lat' dir='ltr'><strong><em>umam</em></strong></span> <span class='ocrx_word' id='word_1_707' title='bbox 757 4356 918 4411; x_wconf 85' lang='lat' dir='ltr'><strong><em>inimieorum</em></strong></span> <span class='ocrx_word' id='word_1_708' title='bbox 927 4359 1002 4430; x_wconf 76' lang='lat' dir='ltr'><strong><em>torpe</em></strong></span> <span class='ocrx_word' id='word_1_709' title='bbox 1052 4369 1115 4423; x_wconf 77' lang='lat' dir='ltr'><strong><em>ergo</em></strong></span> <span class='ocrx_word' id='word_1_710' title='bbox 1133 4354 1193 4408; x_wconf 82' lang='lat' dir='ltr'><strong><em>loca</em></strong></span> <span class='ocrx_word' id='word_1_711' title='bbox 1216 4351 1243 4405; x_wconf 90' lang='lat' dir='ltr'><strong><em>in</em></strong></span> <span class='ocrx_word' id='word_1_712' title='bbox 1266 4350 1362 4420; x_wconf 86' lang='lat' dir='ltr'><strong><em>quibas</em></strong></span> <span class='ocrx_word' id='word_1_713' title='bbox 1390 4348 1503 4402; x_wconf 86' lang='lat' dir='ltr'><strong><em>Domina</em></strong></span> <span class='ocrx_word' id='word_1_714' title='bbox 1528 4343 1719 4442; x_wconf 37' lang='lat' dir='ltr'><strong><em>sactittcsbnnt·</em></strong></span> <span class='ocrx_word' id='word_1_715' title='bbox 1740 4343 1845 4441; x_wconf 61' lang='lat' dir='ltr'><strong><em>(brittus,</em></strong></span> 
     </span>
     <span class='ocr_line' id='line_1_50' title="bbox 217 4432 1837 4531; baseline -0.013 -28"><span class='ocrx_word' id='word_1_716' title='bbox 217 4433 257 4486; x_wconf 67' lang='lat'><strong><em>”⁶²</em></strong></span> <span class='ocrx_word' id='word_1_717' title='bbox 270 4449 360 4503; x_wconf 59' lang='lat' dir='ltr'><strong><em>timii,</em></strong></span> <span class='ocrx_word' id='word_1_718' title='bbox 373 4444 398 4487; x_wconf 73' lang='lat' dir='ltr'><strong><em>et</em></strong></span> <span class='ocrx_word' id='word_1_719' title='bbox 412 4439 510 4506; x_wconf 81' lang='lat' dir='ltr'><strong><em>eperint</em></strong></span> <span class='ocrx_word' id='word_1_720' title='bbox 523 4440 697 4507; x_wconf 83' lang='lat' dir='ltr'><strong><em>poenitentiam</em></strong></span> <span class='ocrx_word' id='word_1_721' title='bbox 714 4444 742 4497; x_wconf 89' lang='lat' dir='ltr'><strong><em>iu</em></strong></span> <span class='ocrx_word' id='word_1_722' title='bbox 755 4445 832 4500; x_wconf 88' lang='lat' dir='ltr'><strong><em>corde</em></strong></span> <span class='ocrx_word' id='word_1_723' title='bbox 845 4462 890 4501; x_wconf 89' lang='lat' dir='ltr'><strong><em>sao</em></strong></span> <span class='ocrx_word' id='word_1_724' title='bbox 904 4448 932 4502; x_wconf 90' lang='lat' dir='ltr'><strong><em>iu</em></strong></span> <span class='ocrx_word' id='word_1_725' title='bbox 945 4448 1002 4503; x_wconf 88' lang='lat' dir='ltr'><strong><em>ioca</em></strong></span> <span class='ocrx_word' id='word_1_726' title='bbox 1051 4442 1185 4498; x_wconf 73' lang='lat' dir='ltr'><strong><em>trabebant</em></strong></span> <span class='ocrx_word' id='word_1_727' title='bbox 1201 4435 1439 4508; x_wconf 84' lang='lat' dir='ltr'><strong><em>supplicationibus</em></strong></span> <span class='ocrx_word' id='word_1_728' title='bbox 1453 4441 1609 4490; x_wconf 83' lang='lat' dir='ltr'><strong><em>consecrata</em></strong></span> <span class='ocrx_word' id='word_1_729' title='bbox 1624 4432 1837 4531; x_wconf 62' lang='lat' dir='ltr'><strong><em>(supplicationi-</em></strong></span> 
     </span>
     <span class='ocr_line' id='line_1_51' title="bbox 218 4518 1837 4622; baseline -0.003 -48"><span class='ocrx_word' id='word_1_730' title='bbox 218 4524 385 4592; x_wconf 86' lang='lat' dir='ltr'><strong><em>rapttottatis,</em></strong></span> <span class='ocrx_word' id='word_1_731' title='bbox 398 4534 422 4578; x_wconf 88' lang='lat' dir='ltr'><strong><em>et</em></strong></span> <span class='ocrx_word' id='word_1_732' title='bbox 435 4530 550 4582; x_wconf 86' lang='lat' dir='ltr'><strong><em>tattaersi</em></strong></span> <span class='ocrx_word' id='word_1_733' title='bbox 564 4530 692 4600; x_wconf 87' lang='lat' dir='ltr'><strong><em>deprecati</em></strong></span> <span class='ocrx_word' id='word_1_734' title='bbox 706 4535 801 4605; x_wconf 70' lang='lat' dir='ltr'><strong><em>[uenat</em></strong></span> <span class='ocrx_word' id='word_1_735' title='bbox 815 4544 838 4590; x_wconf 89' lang='lat' dir='ltr'><strong><em>te</em></strong></span> <span class='ocrx_word' id='word_1_736' title='bbox 851 4538 879 4590; x_wconf 91' lang='lat' dir='ltr'><strong><em>in</em></strong></span> <span class='ocrx_word' id='word_1_737' title='bbox 893 4540 1000 4608; x_wconf 84' lang='lat' dir='ltr'><strong><em>captivi·</em></strong></span> <span class='ocrx_word' id='word_1_738' title='bbox 1052 4535 1101 4588; x_wconf 88' lang='lat' dir='ltr'><strong><em>bus</em></strong></span> <span class='ocrx_word' id='word_1_739' title='bbox 1114 4528 1328 4598; x_wconf 80' lang='lat' dir='ltr'><strong><em>consecrabant),</em></strong></span> <span class='ocrx_word' id='word_1_740' title='bbox 1342 4541 1392 4580; x_wconf 85' lang='lat' dir='ltr'><strong><em>nec</em></strong></span> <span class='ocrx_word' id='word_1_741' title='bbox 1407 4525 1433 4579; x_wconf 92' lang='lat' dir='ltr'><strong><em>in</em></strong></span> <span class='ocrx_word' id='word_1_742' title='bbox 1447 4523 1505 4577; x_wconf 84' lang='lat' dir='ltr'><strong><em>aliis</em></strong></span> <span class='ocrx_word' id='word_1_743' title='bbox 1528 4536 1607 4622; x_wconf 72' lang='lat' dir='ltr'><strong><em>auant</em></strong></span> <span class='ocrx_word' id='word_1_744' title='bbox 1631 4522 1657 4621; x_wconf 75' lang='lat' dir='ltr'><strong><em>in</em></strong></span> <span class='ocrx_word' id='word_1_745' title='bbox 1673 4519 1729 4574; x_wconf 86' lang='lat' dir='ltr'><strong><em>Deo</em></strong></span> <span class='ocrx_word' id='word_1_746' title='bbox 1743 4518 1837 4620; x_wconf 63' lang='lat' dir='ltr'><strong><em>dicatis</em></strong></span> 
     </span>
     <span class='ocr_line' id='line_1_52' title="bbox 218 4606 1837 4699; baseline -0.003 -35"><span class='ocrx_word' id='word_1_747' title='bbox 218 4618 272 4664; x_wconf 87' lang='lat' dir='ltr'><strong><em>tute</em></strong></span> <span class='ocrx_word' id='word_1_748' title='bbox 286 4626 344 4676; x_wconf 87' lang='lat' dir='ltr'><strong><em>sua,</em></strong></span> <span class='ocrx_word' id='word_1_749' title='bbox 359 4613 473 4668; x_wconf 88' lang='lat' dir='ltr'><strong><em>dieentes</em></strong></span> <span class='ocrx_word' id='word_1_750' title='bbox 485 4632 494 4668; x_wconf 93' lang='lat'><strong><em>.·</em></strong></span> <span class='ocrx_word' id='word_1_751' title='bbox 508 4615 688 4688; x_wconf 83' lang='lat' dir='ltr'><strong><em>Peccavinutr,</em></strong></span> <span class='ocrx_word' id='word_1_752' title='bbox 705 4623 790 4694; x_wconf 81' lang='lat' dir='ltr'><strong><em>inique</em></strong></span> <span class='ocrx_word' id='word_1_753' title='bbox 803 4624 912 4694; x_wconf 78' lang='lat' dir='ltr'><strong><em>opimus,</em></strong></span> <span class='ocrx_word' id='word_1_754' title='bbox 925 4627 1003 4699; x_wconf 76' lang='lat' dir='ltr'><strong><em>impia</em></strong></span> <span class='ocrx_word' id='word_1_755' title='bbox 1015 4606 1041 4666; x_wconf 76' lang='lat' dir='ltr'><strong><em>D</em></strong></span> <span class='ocrx_word' id='word_1_756' title='bbox 1053 4620 1120 4677; x_wconf 86' lang='lat' dir='ltr'><strong><em>loeis</em></strong></span> <span class='ocrx_word' id='word_1_757' title='bbox 1132 4632 1244 4675; x_wconf 82' lang='lat' dir='ltr'><strong><em>mttnern</em></strong></span> <span class='ocrx_word' id='word_1_758' title='bbox 1257 4616 1371 4671; x_wconf 87' lang='lat' dir='ltr'><strong><em>Domino</em></strong></span> <span class='ocrx_word' id='word_1_759' title='bbox 1383 4612 1540 4669; x_wconf 78' lang='lat' dir='ltr'><strong><em>afferebant.</em></strong></span> <span class='ocrx_word' id='word_1_760' title='bbox 1555 4609 1583 4665; x_wconf 89' lang='lat' dir='ltr'><strong><em>St</em></strong></span> <span class='ocrx_word' id='word_1_761' title='bbox 1598 4625 1668 4665; x_wconf 82' lang='lat' dir='ltr'><strong><em>erunt</em></strong></span> <span class='ocrx_word' id='word_1_762' title='bbox 1683 4606 1777 4674; x_wconf 78' lang='lat' dir='ltr'><strong><em>indat,</em></strong></span> <span class='ocrx_word' id='word_1_763' title='bbox 1791 4622 1837 4676; x_wconf 80' lang='lat' dir='ltr'><strong><em>qut</em></strong></span> 
     </span>
     <span class='ocr_line' id='line_1_53' title="bbox 217 4697 1838 4785; baseline -0.002 -30"><span class='ocrx_word' id='word_1_764' title='bbox 217 4698 349 4771; x_wconf 67' lang='lat' dir='ltr'><strong><em>pessimus,</em></strong></span> <span class='ocrx_word' id='word_1_765' title='bbox 365 4706 492 4766; x_wconf 79' lang='lat' dir='ltr'><strong><em>etreoersi</em></strong></span> <span class='ocrx_word' id='word_1_766' title='bbox 503 4706 598 4776; x_wconf 73' lang='lat' dir='ltr'><strong><em>pterint</em></strong></span> <span class='ocrx_word' id='word_1_767' title='bbox 607 4708 642 4761; x_wconf 90' lang='lat' dir='ltr'><strong><em>ad</em></strong></span> <span class='ocrx_word' id='word_1_768' title='bbox 652 4718 675 4763; x_wconf 90' lang='lat' dir='ltr'><strong><em>te</em></strong></span> <span class='ocrx_word' id='word_1_769' title='bbox 686 4711 714 4763; x_wconf 91' lang='lat' dir='ltr'><strong><em>in</em></strong></span> <span class='ocrx_word' id='word_1_770' title='bbox 727 4714 844 4768; x_wconf 84' lang='lat' dir='ltr'><strong><em>uniuersa</em></strong></span> <span class='ocrx_word' id='word_1_771' title='bbox 856 4715 933 4769; x_wconf 86' lang='lat' dir='ltr'><strong><em>sarde</em></strong></span> <span class='ocrx_word' id='word_1_772' title='bbox 944 4732 1002 4785; x_wconf 84' lang='lat' dir='ltr'><strong><em>sao,</em></strong></span> <span class='ocrx_word' id='word_1_773' title='bbox 1055 4711 1155 4765; x_wconf 80' lang='lat' dir='ltr'><strong><em>ttmbrae</em></strong></span> <span class='ocrx_word' id='word_1_774' title='bbox 1179 4706 1246 4774; x_wconf 75' lang='lat' dir='ltr'><strong><em>legis</em></strong></span> <span class='ocrx_word' id='word_1_775' title='bbox 1271 4703 1472 4767; x_wconf 77' lang='lat' dir='ltr'><strong><em>deserviebant,</em></strong></span> <span class='ocrx_word' id='word_1_776' title='bbox 1494 4702 1554 4756; x_wconf 82' lang='lat' dir='ltr'><strong><em>hoes</em></strong></span> <span class='ocrx_word' id='word_1_777' title='bbox 1575 4699 1729 4764; x_wconf 81' lang='lat' dir='ltr'><strong><em>iaciebant,</em></strong></span> <span class='ocrx_word' id='word_1_778' title='bbox 1754 4697 1838 4752; x_wconf 87' lang='lat' dir='ltr'><strong><em>ntulta</em></strong></span> 
     </span>
     <span class='ocr_line' id='line_1_54' title="bbox 182 4782 1837 4875; baseline -0.001 -31"><span class='ocrx_word' id='word_1_779' title='bbox 182 4782 189 4798; x_wconf 61' lang='lat'><em>¹</em></span> <span class='ocrx_word' id='word_1_780' title='bbox 217 4794 1028 4875; x_wconf 74' lang='lat' dir='ltr'><strong><em>etmtaanimasua,interruinimieommsaaram,adquam‚</em></strong></span> <span class='ocrx_word' id='word_1_781' title='bbox 1053 4801 1138 4871; x_wconf 75' lang='lat' dir='ltr'><strong><em>tnagis</em></strong></span> <span class='ocrx_word' id='word_1_782' title='bbox 1160 4799 1256 4869; x_wconf 84' lang='lat' dir='ltr'><strong><em>quibas</em></strong></span> <span class='ocrx_word' id='word_1_783' title='bbox 1275 4796 1375 4851; x_wconf 84' lang='lat' dir='ltr'><strong><em>veritas</em></strong></span> <span class='ocrx_word' id='word_1_784' title='bbox 1395 4793 1528 4864; x_wconf 83' lang='lat' dir='ltr'><strong><em>pstetactn</em></strong></span> <span class='ocrx_word' id='word_1_785' title='bbox 1548 4799 1590 4846; x_wconf 89' lang='lat' dir='ltr'><strong><em>est</em></strong></span> <span class='ocrx_word' id='word_1_786' title='bbox 1609 4792 1649 4862; x_wconf 77' lang='lat' dir='ltr'><strong><em>(a)</em></strong></span> <span class='ocrx_word' id='word_1_787' title='bbox 1671 4789 1769 4859; x_wconf 77' lang='lat' dir='ltr'><strong><em>templu</em></strong></span> <span class='ocrx_word' id='word_1_788' title='bbox 1784 4787 1837 4842; x_wconf 92' lang='lat' dir='ltr'><strong><em>bo-</em></strong></span> 
     </span>
    </p>
   </div>
   <div class='ocr_carea' id='block_1_8' title="bbox 217 4882 1003 5771">
    <p class='ocr_par' dir='ltr' id='par_1_9' title="bbox 217 4882 1003 5771">
     <span class='ocr_line' id='line_1_55' title="bbox 218 4882 1003 4968; baseline 0.024 -35"><span class='ocrx_word' id='word_1_789' title='bbox 218 4884 311 4949; x_wconf 71' lang='lat' dir='ltr'><strong><em>ettptioi</em></strong></span> <span class='ocrx_word' id='word_1_790' title='bbox 324 4882 396 4939; x_wconf 82' lang='lat' dir='ltr'><strong><em>ducti</em></strong></span> <span class='ocrx_word' id='word_1_791' title='bbox 409 4886 523 4955; x_wconf 74' lang='lat' dir='ltr'><strong><em>sueram,</em></strong></span> <span class='ocrx_word' id='word_1_792' title='bbox 535 4898 560 4942; x_wconf 88' lang='lat' dir='ltr'><strong><em>et</em></strong></span> <span class='ocrx_word' id='word_1_793' title='bbox 573 4891 683 4944; x_wconf 82' lang='lat' dir='ltr'><strong><em>oraberit</em></strong></span> <span class='ocrx_word' id='word_1_794' title='bbox 697 4901 722 4945; x_wconf 89' lang='lat' dir='ltr'><strong><em>te</em></strong></span> <span class='ocrx_word' id='word_1_795' title='bbox 734 4904 825 4948; x_wconf 80' lang='lat' dir='ltr'><strong><em>taratra</em></strong></span> <span class='ocrx_word' id='word_1_796' title='bbox 835 4897 910 4968; x_wconf 34' lang='lat' dir='ltr'><strong><em>‘aiam</em></strong></span> <span class='ocrx_word' id='word_1_797' title='bbox 927 4906 1003 4952; x_wconf 84' lang='lat' dir='ltr'><strong><em>terra</em></strong></span> 
     </span>
     <span class='ocr_line' id='line_1_56' title="bbox 219 4974 1003 5056; baseline 0.023 -35"><span class='ocrx_word' id='word_1_798' title='bbox 219 4984 285 5037; x_wconf 81' lang='lat' dir='ltr'><strong><em>sstoe,</em></strong></span> <span class='ocrx_word' id='word_1_799' title='bbox 303 4987 380 5040; x_wconf 80' lang='lat' dir='ltr'><strong><em>auam</em></strong></span> <span class='ocrx_word' id='word_1_800' title='bbox 398 4974 492 5031; x_wconf 85' lang='lat' dir='ltr'><strong><em>dedisti</em></strong></span> <span class='ocrx_word' id='word_1_801' title='bbox 510 4978 627 5048; x_wconf 90' lang='lat' dir='ltr'><strong><em>patribus</em></strong></span> <span class='ocrx_word' id='word_1_802' title='bbox 646 4997 743 5046; x_wconf 88' lang='lat' dir='ltr'><strong><em>eorum,</em></strong></span> <span class='ocrx_word' id='word_1_803' title='bbox 759 4993 786 5035; x_wconf 89' lang='lat' dir='ltr'><strong><em>et</em></strong></span> <span class='ocrx_word' id='word_1_804' title='bbox 798 4983 907 5037; x_wconf 83' lang='lat' dir='ltr'><strong><em>ciuitatis</em></strong></span> <span class='ocrx_word' id='word_1_805' title='bbox 927 5001 1003 5056; x_wconf 82' lang='lat' dir='ltr'><strong><em>quam</em></strong></span> 
     </span>
     <span class='ocr_line' id='line_1_57' title="bbox 219 5061 1001 5138; baseline 0.02 -28"><span class='ocrx_word' id='word_1_806' title='bbox 219 5061 328 5130; x_wconf 57' lang='lat' dir='ltr'><strong><em>ciminii,</em></strong></span> <span class='ocrx_word' id='word_1_807' title='bbox 340 5071 365 5114; x_wconf 88' lang='lat' dir='ltr'><strong><em>et</em></strong></span> <span class='ocrx_word' id='word_1_808' title='bbox 375 5065 463 5133; x_wconf 88' lang='lat' dir='ltr'><strong><em>tempii</em></strong></span> <span class='ocrx_word' id='word_1_809' title='bbox 485 5067 553 5135; x_wconf 86' lang='lat' dir='ltr'><strong><em>qaod</em></strong></span> <span class='ocrx_word' id='word_1_810' title='bbox 562 5069 689 5138; x_wconf 78' lang='lat' dir='ltr'><strong><em>aedificati</em></strong></span> <span class='ocrx_word' id='word_1_811' title='bbox 700 5071 799 5123; x_wconf 84' lang='lat' dir='ltr'><strong><em>nomini</em></strong></span> <span class='ocrx_word' id='word_1_812' title='bbox 809 5080 851 5125; x_wconf 89' lang='lat' dir='ltr'><strong><em>tao</em></strong></span> <span class='ocrx_word' id='word_1_813' title='bbox 858 5088 868 5135; x_wconf 91' lang='lat'><strong><em>,·</em></strong></span> <span class='ocrx_word' id='word_1_814' title='bbox 880 5073 1001 5128; x_wconf 72' lang='lat' dir='ltr'><strong><em>exaudies</em></strong></span> 
     </span>
     <span class='ocr_line' id='line_1_58' title="bbox 218 5148 1003 5224; baseline 0.014 -20"><span class='ocrx_word' id='word_1_815' title='bbox 218 5151 246 5204; x_wconf 87' lang='lat' dir='ltr'><strong><em>in</em></strong></span> <span class='ocrx_word' id='word_1_816' title='bbox 260 5148 334 5216; x_wconf 82' lang='lat' dir='ltr'><strong><em>saio,</em></strong></span> <span class='ocrx_word' id='word_1_817' title='bbox 350 5151 377 5204; x_wconf 88' lang='lat' dir='ltr'><strong><em>in</em></strong></span> <span class='ocrx_word' id='word_1_818' title='bbox 394 5151 557 5221; x_wconf 74' lang='lat' dir='ltr'><strong><em>firmamento</em></strong></span> <span class='ocrx_word' id='word_1_819' title='bbox 572 5158 632 5212; x_wconf 86' lang='lat' dir='ltr'><strong><em>sotii</em></strong></span> <span class='ocrx_word' id='word_1_820' title='bbox 649 5158 697 5224; x_wconf 83' lang='lat' dir='ltr'><strong><em>tui,</em></strong></span> <span class='ocrx_word' id='word_1_821' title='bbox 713 5159 854 5212; x_wconf 85' lang='lat' dir='ltr'><strong><em>arationem</em></strong></span> <span class='ocrx_word' id='word_1_822' title='bbox 873 5176 960 5213; x_wconf 86' lang='lat' dir='ltr'><strong><em>eorum</em></strong></span> <span class='ocrx_word' id='word_1_823' title='bbox 978 5171 1003 5215; x_wconf 90' lang='lat' dir='ltr'><strong><em>et</em></strong></span> 
     </span>
     <span class='ocr_line' id='line_1_59' title="bbox 218 5242 1003 5318; baseline 0.019 -29"><span class='ocrx_word' id='word_1_824' title='bbox 218 5254 305 5308; x_wconf 84' lang='lat' dir='ltr'><strong><em>preces</em></strong></span> <span class='ocrx_word' id='word_1_825' title='bbox 315 5254 412 5303; x_wconf 85' lang='lat' dir='ltr'><strong><em>eorum,</em></strong></span> <span class='ocrx_word' id='word_1_826' title='bbox 424 5249 449 5293; x_wconf 85' lang='lat' dir='ltr'><strong><em>et</em></strong></span> <span class='ocrx_word' id='word_1_827' title='bbox 460 5242 539 5312; x_wconf 74' lang='lat' dir='ltr'><strong><em>facies</em></strong></span> <span class='ocrx_word' id='word_1_828' title='bbox 546 5244 673 5312; x_wconf 76' lang='lat' dir='ltr'><strong><em>juditium</em></strong></span> <span class='ocrx_word' id='word_1_829' title='bbox 682 5264 778 5311; x_wconf 89' lang='lat' dir='ltr'><strong><em>eorum,</em></strong></span> <span class='ocrx_word' id='word_1_830' title='bbox 790 5257 815 5301; x_wconf 87' lang='lat' dir='ltr'><strong><em>et</em></strong></span> <span class='ocrx_word' id='word_1_831' title='bbox 824 5247 1003 5318; x_wconf 85' lang='lat' dir='ltr'><strong><em>propitiaberis</em></strong></span> 
     </span>
     <span class='ocr_line' id='line_1_60' title="bbox 218 5321 1002 5408; baseline 0.015 -27"><span class='ocrx_word' id='word_1_832' title='bbox 218 5321 318 5396; x_wconf 83' lang='lat' dir='ltr'><strong><em>popuia&#39;</em></strong></span> <span class='ocrx_word' id='word_1_833' title='bbox 331 5336 383 5393; x_wconf 84' lang='lat' dir='ltr'><strong><em>tuo,</em></strong></span> <span class='ocrx_word' id='word_1_834' title='bbox 402 5329 445 5398; x_wconf 80' lang='lat' dir='ltr'><strong><em>asti</em></strong></span> <span class='ocrx_word' id='word_1_835' title='bbox 459 5332 571 5398; x_wconf 67' lang='lat' dir='ltr'><strong><em>peceant</em></strong></span> <span class='ocrx_word' id='word_1_836' title='bbox 582 5332 627 5387; x_wconf 82' lang='lat' dir='ltr'><strong><em>tibi</em></strong></span> <span class='ocrx_word' id='word_1_837' title='bbox 637 5350 646 5387; x_wconf 84' lang='lat'><strong><em>.·</em></strong></span> <span class='ocrx_word' id='word_1_838' title='bbox 658 5343 683 5388; x_wconf 90' lang='lat' dir='ltr'><strong><em>et</em></strong></span> <span class='ocrx_word' id='word_1_839' title='bbox 696 5336 812 5391; x_wconf 86' lang='lat' dir='ltr'><strong><em>anatibus</em></strong></span> <span class='ocrx_word' id='word_1_840' title='bbox 825 5337 1002 5408; x_wconf 84' lang='lat' dir='ltr'><strong><em>iniquitatibus</em></strong></span> 
     </span>
     <span class='ocr_line' id='line_1_61' title="bbox 218 5417 1002 5488; baseline 0.013 -18"><span class='ocrx_word' id='word_1_841' title='bbox 218 5431 314 5481; x_wconf 81' lang='lat' dir='ltr'><strong><em>eamus,</em></strong></span> <span class='ocrx_word' id='word_1_842' title='bbox 326 5417 416 5485; x_wconf 77' lang='lat' dir='ltr'><strong><em>auibus</em></strong></span> <span class='ocrx_word' id='word_1_843' title='bbox 432 5419 595 5488; x_wconf 77' lang='lat' dir='ltr'><strong><em>prevaricati</em></strong></span> <span class='ocrx_word' id='word_1_844' title='bbox 610 5433 669 5475; x_wconf 88' lang='lat' dir='ltr'><strong><em>sunt</em></strong></span> <span class='ocrx_word' id='word_1_845' title='bbox 683 5424 711 5477; x_wconf 87' lang='lat' dir='ltr'><strong><em>in</em></strong></span> <span class='ocrx_word' id='word_1_846' title='bbox 726 5434 750 5478; x_wconf 89' lang='lat' dir='ltr'><strong><em>te</em></strong></span> <span class='ocrx_word' id='word_1_847' title='bbox 760 5441 770 5478; x_wconf 82' lang='grc'><strong><em>.·</em></strong></span> <span class='ocrx_word' id='word_1_848' title='bbox 781 5435 805 5479; x_wconf 90' lang='lat' dir='ltr'><strong><em>et</em></strong></span> <span class='ocrx_word' id='word_1_849' title='bbox 815 5424 887 5479; x_wconf 89' lang='lat' dir='ltr'><strong><em>dabis</em></strong></span> <span class='ocrx_word' id='word_1_850' title='bbox 901 5428 1002 5480; x_wconf 89' lang='lat' dir='ltr'><strong><em>miseri-</em></strong></span> 
     </span>
     <span class='ocr_line' id='line_1_62' title="bbox 217 5502 999 5589; baseline 0.015 -31"><span class='ocrx_word' id='word_1_851' title='bbox 217 5505 334 5561; x_wconf 74' lang='lat' dir='ltr'><strong><em>caman</em></strong></span> <span class='ocrx_word' id='word_1_852' title='bbox 342 5502 430 5561; x_wconf 76' lang='lat' dir='ltr'><strong><em>aarum</em></strong></span> <span class='ocrx_word' id='word_1_853' title='bbox 441 5506 488 5572; x_wconf 83' lang='lat' dir='ltr'><strong><em>eis,</em></strong></span> <span class='ocrx_word' id='word_1_854' title='bbox 500 5509 543 5577; x_wconf 78' lang='lat' dir='ltr'><strong><em>aui</em></strong></span> <span class='ocrx_word' id='word_1_855' title='bbox 553 5525 596 5563; x_wconf 89' lang='lat' dir='ltr'><strong><em>eos</em></strong></span> <span class='ocrx_word' id='word_1_856' title='bbox 606 5512 718 5578; x_wconf 89' lang='lat' dir='ltr'><strong><em>captiuos</em></strong></span> <span class='ocrx_word' id='word_1_857' title='bbox 729 5512 872 5582; x_wconf 76' lang='lat' dir='ltr'><strong><em>habuerint,</em></strong></span> <span class='ocrx_word' id='word_1_858' title='bbox 884 5517 999 5589; x_wconf 72' lang='lat' dir='ltr'><strong><em>nimire-</em></strong></span> 
     </span>
     <span class='ocr_line' id='line_1_63' title="bbox 217 5595 998 5675; baseline 0.017 -27"><span class='ocrx_word' id='word_1_859' title='bbox 217 5603 323 5649; x_wconf 84' lang='lat' dir='ltr'><strong><em>reantstr</em></strong></span> <span class='ocrx_word' id='word_1_860' title='bbox 338 5597 385 5651; x_wconf 90' lang='lat' dir='ltr'><strong><em>eis.</em></strong></span> <span class='ocrx_word' id='word_1_861' title='bbox 405 5595 520 5667; x_wconf 81' lang='lat' dir='ltr'><strong><em>Populus</em></strong></span> <span class='ocrx_word' id='word_1_862' title='bbox 535 5600 602 5654; x_wconf 87' lang='lat' dir='ltr'><strong><em>enim</em></strong></span> <span class='ocrx_word' id='word_1_863' title='bbox 618 5609 674 5656; x_wconf 84' lang='lat' dir='ltr'><strong><em>ntus</em></strong></span> <span class='ocrx_word' id='word_1_864' title='bbox 691 5611 738 5667; x_wconf 89' lang='lat' dir='ltr'><strong><em>est,</em></strong></span> <span class='ocrx_word' id='word_1_865' title='bbox 750 5613 775 5657; x_wconf 87' lang='lat' dir='ltr'><strong><em>et</em></strong></span> <span class='ocrx_word' id='word_1_866' title='bbox 792 5605 927 5660; x_wconf 76' lang='lat' dir='ltr'><strong><em>baereditas</em></strong></span> <span class='ocrx_word' id='word_1_867' title='bbox 944 5615 998 5675; x_wconf 88' lang='lat' dir='ltr'><strong><em>tua,</em></strong></span> 
     </span>
     <span class='ocr_line' id='line_1_64' title="bbox 218 5687 997 5771; baseline 0.018 -33"><span class='ocrx_word' id='word_1_868' title='bbox 218 5699 280 5751; x_wconf 73' lang='lat' dir='ltr'><strong><em>etos</em></strong></span> <span class='ocrx_word' id='word_1_869' title='bbox 290 5687 403 5742; x_wconf 83' lang='lat' dir='ltr'><strong><em>eduaisti</em></strong></span> <span class='ocrx_word' id='word_1_870' title='bbox 417 5689 449 5743; x_wconf 88' lang='lat' dir='ltr'><strong><em>de</em></strong></span> <span class='ocrx_word' id='word_1_871' title='bbox 460 5696 529 5744; x_wconf 86' lang='lat' dir='ltr'><strong><em>terra</em></strong></span> <span class='ocrx_word' id='word_1_872' title='bbox 540 5692 659 5763; x_wconf 78' lang='lat' dir='ltr'><strong><em>At&#39;pppti,</em></strong></span> <span class='ocrx_word' id='word_1_873' title='bbox 672 5696 704 5749; x_wconf 90' lang='lat' dir='ltr'><strong><em>de</em></strong></span> <span class='ocrx_word' id='word_1_874' title='bbox 716 5696 801 5751; x_wconf 87' lang='lat' dir='ltr'><strong><em>medio</em></strong></span> <span class='ocrx_word' id='word_1_875' title='bbox 815 5698 929 5771; x_wconf 74' lang='lat' dir='ltr'><strong><em>tornacis</em></strong></span> <span class='ocrx_word' id='word_1_876' title='bbox 944 5700 959 5770; x_wconf 72' lang='grc' dir='ltr'><strong><em>ι’</em></strong></span> <span class='ocrx_word' id='word_1_877' title='bbox 984 5728 997 5740; x_wconf 89' lang='grc'>-</span> 
     </span>
    </p>
   </div>
   <div class='ocr_carea' id='block_1_9' title="bbox 1051 4880 1839 5763">
    <p class='ocr_par' dir='ltr' id='par_1_10' title="bbox 1051 4880 1839 5763">
     <span class='ocr_line' id='line_1_65' title="bbox 1054 4880 1837 4955; baseline -0.022 -9"><span class='ocrx_word' id='word_1_878' title='bbox 1054 4893 1126 4946; x_wconf 87' lang='lat' dir='ltr'><strong><em>tnino</em></strong></span> <span class='ocrx_word' id='word_1_879' title='bbox 1140 4887 1284 4953; x_wconf 77' lang='lat' dir='ltr'><strong><em>aetiiiiaate,</em></strong></span> <span class='ocrx_word' id='word_1_880' title='bbox 1298 4894 1327 4941; x_wconf 83' lang='lat' dir='ltr'><strong><em>et</em></strong></span> <span class='ocrx_word' id='word_1_881' title='bbox 1342 4886 1433 4955; x_wconf 79' lang='lat' dir='ltr'><strong><em>(prout</em></strong></span> <span class='ocrx_word' id='word_1_882' title='bbox 1450 4881 1544 4937; x_wconf 83' lang='lat' dir='ltr'><strong><em>ntetius</em></strong></span> <span class='ocrx_word' id='word_1_883' title='bbox 1563 4880 1714 4952; x_wconf 85' lang='lat' dir='ltr'><strong><em>possamus)</em></strong></span> <span class='ocrx_word' id='word_1_884' title='bbox 1730 4892 1837 4940; x_wconf 80' lang='lat' dir='ltr'><strong><em>ornare,</em></strong></span> 
     </span>
     <span class='ocr_line' id='line_1_66' title="bbox 1053 4965 1839 5051; baseline -0.022 -14"><span class='ocrx_word' id='word_1_885' title='bbox 1053 4996 1138 5051; x_wconf 78' lang='lat' dir='ltr'><strong><em>eaque</em></strong></span> <span class='ocrx_word' id='word_1_886' title='bbox 1152 4978 1249 5035; x_wconf 80' lang='lat' dir='ltr'><strong><em>divinis</em></strong></span> <span class='ocrx_word' id='word_1_887' title='bbox 1267 4974 1402 5045; x_wconf 84' lang='lat' dir='ltr'><strong><em>precihus,</em></strong></span> <span class='ocrx_word' id='word_1_888' title='bbox 1425 4980 1453 5026; x_wconf 84' lang='lat' dir='ltr'><strong><em>et</em></strong></span> <span class='ocrx_word' id='word_1_889' title='bbox 1471 4970 1572 5025; x_wconf 86' lang='lat' dir='ltr'><strong><em>sanatis</em></strong></span> <span class='ocrx_word' id='word_1_890' title='bbox 1598 4966 1768 5023; x_wconf 84' lang='lat' dir='ltr'><strong><em>unctionibus</em></strong></span> <span class='ocrx_word' id='word_1_891' title='bbox 1785 4965 1839 5021; x_wconf 89' lang='lat' dir='ltr'><strong><em>sais</em></strong></span> 
     </span>
     <span class='ocr_line' id='line_1_67' title="bbox 1053 5056 1839 5132; baseline -0.015 -7"><span class='ocrx_word' id='word_1_892' title='bbox 1053 5086 1113 5126; x_wconf 85' lang='lat' dir='ltr'><strong><em>atstn</em></strong></span> <span class='ocrx_word' id='word_1_893' title='bbox 1128 5068 1255 5124; x_wconf 78' lang='lat' dir='ltr'><strong><em>nitatibus</em></strong></span> <span class='ocrx_word' id='word_1_894' title='bbox 1268 5074 1296 5120; x_wconf 89' lang='lat' dir='ltr'><strong><em>et</em></strong></span> <span class='ocrx_word' id='word_1_895' title='bbox 1308 5066 1389 5128; x_wconf 83' lang='lat' dir='ltr'><strong><em>vasis,</em></strong></span> <span class='ocrx_word' id='word_1_896' title='bbox 1413 5063 1531 5118; x_wconf 88' lang='lat' dir='ltr'><strong><em>vestibus</em></strong></span> <span class='ocrx_word' id='word_1_897' title='bbox 1544 5074 1660 5132; x_wconf 83' lang='lat' dir='ltr'><strong><em>qaoque,</em></strong></span> <span class='ocrx_word' id='word_1_898' title='bbox 1682 5066 1709 5114; x_wconf 87' lang='lat' dir='ltr'><strong><em>et</em></strong></span> <span class='ocrx_word' id='word_1_899' title='bbox 1732 5056 1839 5124; x_wconf 83' lang='lat' dir='ltr'><strong><em>reliquis</em></strong></span> 
     </span>
     <span class='ocr_line' id='line_1_68' title="bbox 1054 5146 1839 5223; baseline -0.013 -12"><span class='ocrx_word' id='word_1_900' title='bbox 1054 5158 1087 5212; x_wconf 87' lang='lat' dir='ltr'><strong><em>ad</em></strong></span> <span class='ocrx_word' id='word_1_901' title='bbox 1106 5156 1225 5211; x_wconf 87' lang='lat' dir='ltr'><strong><em>divinum</em></strong></span> <span class='ocrx_word' id='word_1_902' title='bbox 1250 5154 1350 5210; x_wconf 84' lang='lat' dir='ltr'><strong><em>cultum</em></strong></span> <span class='ocrx_word' id='word_1_903' title='bbox 1373 5151 1532 5223; x_wconf 85' lang='lat' dir='ltr'><strong><em>explendum</em></strong></span> <span class='ocrx_word' id='word_1_904' title='bbox 1553 5148 1721 5215; x_wconf 82' lang='lat' dir='ltr'><strong><em>utensilibus,</em></strong></span> <span class='ocrx_word' id='word_1_905' title='bbox 1743 5146 1839 5201; x_wconf 75' lang='lat' dir='ltr'><strong><em>beton</em></strong></span> 
     </span>
     <span class='ocr_line' id='line_1_69' title="bbox 1053 5237 1839 5309; baseline -0.013 -9"><span class='ocrx_word' id='word_1_906' title='bbox 1053 5256 1081 5301; x_wconf 88' lang='lat' dir='ltr'><strong><em>et</em></strong></span> <span class='ocrx_word' id='word_1_907' title='bbox 1094 5246 1249 5302; x_wconf 83' lang='lat' dir='ltr'><strong><em>solemniter</em></strong></span> <span class='ocrx_word' id='word_1_908' title='bbox 1262 5259 1380 5309; x_wconf 80' lang='lat' dir='ltr'><strong><em>sectare,</em></strong></span> <span class='ocrx_word' id='word_1_909' title='bbox 1403 5250 1432 5299; x_wconf 87' lang='lat' dir='ltr'><strong><em>et</em></strong></span> <span class='ocrx_word' id='word_1_910' title='bbox 1444 5258 1497 5298; x_wconf 91' lang='lat' dir='ltr'><strong><em>non</em></strong></span> <span class='ocrx_word' id='word_1_911' title='bbox 1521 5243 1547 5296; x_wconf 88' lang='lat' dir='ltr'><strong><em>ia</em></strong></span> <span class='ocrx_word' id='word_1_912' title='bbox 1562 5240 1621 5296; x_wconf 83' lang='lat' dir='ltr'><strong><em>aliis</em></strong></span> <span class='ocrx_word' id='word_1_913' title='bbox 1637 5240 1704 5294; x_wconf 85' lang='lat' dir='ltr'><strong><em>iocis</em></strong></span> <span class='ocrx_word' id='word_1_914' title='bbox 1717 5252 1795 5307; x_wconf 81' lang='lat' dir='ltr'><strong><em>quarn</em></strong></span> <span class='ocrx_word' id='word_1_915' title='bbox 1812 5237 1839 5291; x_wconf 91' lang='lat' dir='ltr'><strong><em>in</em></strong></span> 
     </span>
     <span class='ocr_line' id='line_1_70' title="bbox 1052 5329 1839 5404; baseline -0.013 -13"><span class='ocrx_word' id='word_1_916' title='bbox 1052 5337 1167 5391; x_wconf 88' lang='lat' dir='ltr'><strong><em>Domino</em></strong></span> <span class='ocrx_word' id='word_1_917' title='bbox 1180 5336 1293 5391; x_wconf 81' lang='lat' dir='ltr'><strong><em>sacratis</em></strong></span> <span class='ocrx_word' id='word_1_918' title='bbox 1307 5335 1341 5390; x_wconf 87' lang='lat' dir='ltr'><strong><em>ab</em></strong></span> <span class='ocrx_word' id='word_1_919' title='bbox 1359 5333 1502 5404; x_wconf 87' lang='lat' dir='ltr'><strong><em>episcopis,</em></strong></span> <span class='ocrx_word' id='word_1_920' title='bbox 1525 5340 1554 5387; x_wconf 87' lang='lat' dir='ltr'><strong><em>et</em></strong></span> <span class='ocrx_word' id='word_1_921' title='bbox 1570 5347 1624 5386; x_wconf 90' lang='lat' dir='ltr'><strong><em>non</em></strong></span> <span class='ocrx_word' id='word_1_922' title='bbox 1637 5346 1653 5385; x_wconf 83' lang='lat' dir='ltr'><strong><em>a</em></strong></span> <span class='ocrx_word' id='word_1_923' title='bbox 1667 5329 1839 5399; x_wconf 83' lang='lat' dir='ltr'><strong><em>chorepisco-</em></strong></span> 
     </span>
     <span class='ocr_line' id='line_1_71' title="bbox 1053 5416 1838 5497; baseline -0.014 -16"><span class='ocrx_word' id='word_1_924' title='bbox 1053 5427 1105 5497; x_wconf 91' lang='lat' dir='ltr'><strong><em>pis,</em></strong></span> <span class='ocrx_word' id='word_1_925' title='bbox 1119 5425 1164 5495; x_wconf 84' lang='lat' dir='ltr'><strong><em>qai</em></strong></span> <span class='ocrx_word' id='word_1_926' title='bbox 1179 5438 1249 5495; x_wconf 77' lang='lat' dir='ltr'><strong><em>sepe</em></strong></span> <span class='ocrx_word' id='word_1_927' title='bbox 1266 5423 1393 5495; x_wconf 82' lang='lat' dir='ltr'><strong><em>prohibiti</em></strong></span> <span class='ocrx_word' id='word_1_928' title='bbox 1411 5431 1482 5488; x_wconf 89' lang='lat' dir='ltr'><strong><em>sunt,</em></strong></span> <span class='ocrx_word' id='word_1_929' title='bbox 1498 5423 1548 5476; x_wconf 89' lang='lat' dir='ltr'><strong><em>nisi</em></strong></span> <span class='ocrx_word' id='word_1_930' title='bbox 1563 5421 1605 5493; x_wconf 80' lang='lat' dir='ltr'><strong><em>(ut</em></strong></span> <span class='ocrx_word' id='word_1_931' title='bbox 1616 5419 1771 5491; x_wconf 73' lang='lat' dir='ltr'><strong><em>predictam</em></strong></span> <span class='ocrx_word' id='word_1_932' title='bbox 1786 5416 1838 5482; x_wconf 83' lang='lat' dir='ltr'><strong><em>est)</em></strong></span> 
     </span>
     <span class='ocr_line' id='line_1_72' title="bbox 1052 5508 1839 5582; baseline -0.014 -13"><span class='ocrx_word' id='word_1_933' title='bbox 1052 5530 1156 5570; x_wconf 81' lang='lat' dir='ltr'><strong><em>sumans</em></strong></span> <span class='ocrx_word' id='word_1_934' title='bbox 1173 5515 1297 5582; x_wconf 75' lang='lat' dir='ltr'><strong><em>exigente</em></strong></span> <span class='ocrx_word' id='word_1_935' title='bbox 1322 5512 1490 5577; x_wconf 75' lang='lat' dir='ltr'><strong><em>nenessitate,</em></strong></span> <span class='ocrx_word' id='word_1_936' title='bbox 1514 5511 1609 5566; x_wconf 82' lang='lat' dir='ltr'><strong><em>missas</em></strong></span> <span class='ocrx_word' id='word_1_937' title='bbox 1628 5508 1839 5571; x_wconf 64' lang='lat' dir='ltr'><strong><em>celebratatae</em></strong></span> 
     </span>
     <span class='ocr_line' id='line_1_73' title="bbox 1051 5597 1837 5679; baseline -0.02 -18"><span class='ocrx_word' id='word_1_938' title='bbox 1051 5603 1182 5679; x_wconf 68' lang='lat' dir='ltr'><strong><em>saeriiieis</em></strong></span> <span class='ocrx_word' id='word_1_939' title='bbox 1196 5602 1293 5658; x_wconf 79' lang='lat' dir='ltr'><strong><em>offerre</em></strong></span> <span class='ocrx_word' id='word_1_940' title='bbox 1307 5601 1421 5657; x_wconf 88' lang='lat' dir='ltr'><strong><em>Domino</em></strong></span> <span class='ocrx_word' id='word_1_941' title='bbox 1433 5600 1571 5656; x_wconf 83' lang='lat' dir='ltr'><strong><em>debemus.</em></strong></span> <span class='ocrx_word' id='word_1_942' title='bbox 1586 5597 1620 5652; x_wconf 84' lang='lat' dir='ltr'><strong><em>Et</em></strong></span> <span class='ocrx_word' id='word_1_943' title='bbox 1633 5599 1685 5652; x_wconf 85' lang='lat' dir='ltr'><strong><em>itae</em></strong></span> <span class='ocrx_word' id='word_1_944' title='bbox 1698 5597 1721 5652; x_wconf 90' lang='lat' dir='ltr'><strong><em>si</em></strong></span> <span class='ocrx_word' id='word_1_945' title='bbox 1733 5608 1837 5651; x_wconf 83' lang='lat' dir='ltr'><strong><em>samma</em></strong></span> 
     </span>
     <span class='ocr_line' id='line_1_74' title="bbox 1051 5683 1836 5763; baseline -0.01 -15"><span class='ocrx_word' id='word_1_946' title='bbox 1051 5694 1196 5750; x_wconf 78' lang='lat' dir='ltr'><strong><em>nenessitas</em></strong></span> <span class='ocrx_word' id='word_1_947' title='bbox 1206 5707 1285 5763; x_wconf 76' lang='lat' dir='ltr'><strong><em>ogere</em></strong></span> <span class='ocrx_word' id='word_1_948' title='bbox 1298 5690 1467 5760; x_wconf 80' lang='lat' dir='ltr'><strong><em>compulerit,</em></strong></span> <span class='ocrx_word' id='word_1_949' title='bbox 1481 5705 1534 5745; x_wconf 88' lang='lat' dir='ltr'><strong><em>non</em></strong></span> <span class='ocrx_word' id='word_1_950' title='bbox 1548 5690 1576 5746; x_wconf 88' lang='lat' dir='ltr'><strong><em>in</em></strong></span> <span class='ocrx_word' id='word_1_951' title='bbox 1590 5686 1722 5753; x_wconf 81' lang='lat' dir='ltr'><strong><em>domibus,</em></strong></span> <span class='ocrx_word' id='word_1_952' title='bbox 1737 5683 1836 5756; x_wconf 80' lang='lat' dir='ltr'><strong><em>quinia</em></strong></span> 
     </span>
    </p>
   </div>
   <div class='ocr_carea' id='block_1_10' title="bbox 257 5794 1466 5884">
    <p class='ocr_par' dir='ltr' id='par_1_11' title="bbox 257 5794 1466 5884">
     <span class='ocr_line' id='line_1_75' title="bbox 257 5794 1466 5884; baseline 0.007 -35"><span class='ocrx_word' id='word_1_953' title='bbox 257 5795 298 5867; x_wconf 73' lang='lat' dir='ltr'><strong><em>(a)</em></strong></span> <span class='ocrx_word' id='word_1_954' title='bbox 317 5794 413 5855; x_wconf 80' lang='lat' dir='ltr'><strong><em>barch.</em></strong></span> <span class='ocrx_word' id='word_1_955' title='bbox 430 5796 502 5857; x_wconf 81' lang='lat' dir='ltr'><strong><em>sadis</em></strong></span> <span class='ocrx_word' id='word_1_956' title='bbox 517 5799 562 5855; x_wconf 87' lang='lat' dir='ltr'><strong><em>lib.</em></strong></span> <span class='ocrx_word' id='word_1_957' title='bbox 584 5818 624 5871; x_wconf 81' lang='lat' dir='ltr'><strong><em>nt,</em></strong></span> <span class='ocrx_word' id='word_1_958' title='bbox 637 5817 696 5874; x_wconf 82' lang='lat' dir='ltr'><strong><em>cap.</em></strong></span> <span class='ocrx_word' id='word_1_959' title='bbox 714 5802 756 5867; x_wconf 80' lang='lat'><strong><em>59,</em></strong></span> <span class='ocrx_word' id='word_1_960' title='bbox 782 5814 806 5858; x_wconf 86' lang='lat' dir='ltr'><strong><em>et</em></strong></span> <span class='ocrx_word' id='word_1_961' title='bbox 825 5808 921 5872; x_wconf 76' lang='lat' dir='ltr'><strong><em>aratia,</em></strong></span> <span class='ocrx_word' id='word_1_962' title='bbox 934 5818 958 5861; x_wconf 85' lang='lat' dir='ltr'><strong><em>et</em></strong></span> <span class='ocrx_word' id='word_1_963' title='bbox 972 5807 1065 5863; x_wconf 88' lang='lat' dir='ltr'><strong><em>aeritas</em></strong></span> <span class='ocrx_word' id='word_1_964' title='bbox 1077 5821 1124 5884; x_wconf 75' lang='lat' dir='ltr'><strong><em>ner</em></strong></span> <span class='ocrx_word' id='word_1_965' title='bbox 1136 5804 1223 5860; x_wconf 81' lang='lat' dir='ltr'><strong><em>tesam</em></strong></span> <span class='ocrx_word' id='word_1_966' title='bbox 1239 5800 1466 5859; x_wconf 70' lang='lat' dir='ltr'><strong><em>sororiabant.</em></strong></span> 
     </span>
    </p>
   </div>
   <div class='ocr_carea' id='block_1_11' title="bbox 0 0 2062 6324">
    <p class='ocr_par' dir='ltr' id='par_1_12' title="bbox 0 0 2062 6324">
     <span class='ocr_line' id='line_1_76' title="bbox 0 0 2062 6324; baseline 0 0"><span class='ocrx_word' id='word_1_967' title='bbox 0 0 2062 6324; x_wconf 95' lang='lat' dir='ltr'><strong><em> </em></strong></span> 
     </span>
    </p>
   </div>
  </div>
 </body>
</html>
