4152 6344
228 324 280 384 dtr
733 321 902 382 uersuum
922 323 968 380 dli
985 325 1016 384 S.
1036 321 1217 383 rocosum
1236 319 1359 381 orout.
1809 321 1862 380 888

227 445 316 503 daret,
336 438 404 495 duos
418 446 540 495 mortuos
556 436 709 500 srrseitaret,
724 436 831 491 rideam
845 451 860 492 a
875 436 967 492 debito
981 436 1020 492 ie·
1033 442 1056 499 Α
1071 436 1179 503 patim,
1188 436 1264 507 erqm
1275 436 1429 506 amieriam
1438 431 1798 506 diripirtntititrdillattlrmr,
1807 434 1869 504 ti).

229 510 304 565 noris
317 508 455 574 liberaret,
464 509 580 592 pupillos
589 507 624 563 de
633 506 771 562 seruitutis
783 507 887 562 saterris
898 516 1018 563 erueret.
1072 506 1140 573 Quia
1155 505 1209 561 hoc
1220 505 1345 573 dignatur
1357 519 1459 569 amare,
1483 505 1537 560 boe
1560 505 1594 559 ab
1607 519 1642 560 eo
1656 519 1722 559 ausa
1742 520 1802 559 ιιιιιι
1814 521 1864 574 po-

229 575 290 633 lstm
305 585 384 635 erant
397 578 496 635 diritrre
511 578 599 648 pellis,
610 592 663 647 qua
675 590 705 633 se
715 577 884 646 exspoliabat
892 584 1020 640 testator,
1072 575 1186 631 stulare.
1200 575 1240 629 Ab
1254 575 1300 631 illo
1315 574 1415 641 audiri,
1433 574 1523 640 l'etite,
1539 587 1564 628 et
1578 576 1730 644 accipietis:
1744 576 1863 643 quamn,

228 656 258 703 et
270 649 355 704 haeres
368 650 482 704 amictus
496 656 545 702 est.
559 646 628 714 Quia
643 655 672 702 ct
684 644 807 701 Christus
820 647 958 712 Dominus,
970 662 1020 702 cu·
1071 654 1097 700 et
1109 646 1263 711 introierim
1282 645 1393 713 pulsata,
1411 652 1436 698 et
1451 645 1580 714 aperietur
1592 642 1664 699 aubia
1678 641 1789 711 (llatm.
1806 660 1865 710 ιιι,

179 738 185 749 ·
230 717 277 786 jus
299 719 430 789 propbeta
444 716 604 784 crathllias,
624 715 750 781 spoliavit
768 732 799 772 se
817 731 897 771 earne
912 732 961 785 per
978 716 1019 770 ri·
1070 714 1127 777 22¹.
1144 713 1211 768 [lum
1230 723 1316 784 patet,
1331 714 1429 784 pulso;
1451 715 1515 777 dum
1532 714 1655 784 accipere
1677 713 1750 775 licet,
1776 722 1864 783 peto:

228 803 291 842 ram
306 797 431 854 mortem,
452 796 480 842 et
493 788 694 844 totusrestltos
714 794 756 842 est
769 787 884 841 mundus
899 788 1021 842 nouitate
1071 786 1136 841 dum
1148 793 1253 854 ternpus
1264 792 1316 849 est,
1324 798 1425 852 quaro.
1439 784 1535 839 hudini
1545 785 1618 839 enim
1627 783 1739 849 dietum,
1751 781 1867 846 Quanta

228 858 323 928 gutia
335 856 548 929 perdordanem.
995 912 999 917 ,
1073 854 1213 910 Dominum
1227 854 1289 908 dum
1308 855 1418 908 inuniri
1433 863 1516 924 pateat
1530 854 1599 928 (lar.
1618 869 1663 917 ιι,
1679 852 1728 925 dlx
1751 869 1786 910 ne
1800 863 1867 910 tuno

528 948 644 1006 SERpo
657 943 728 1006 m
1072 924 1199 1006 oderatis
1222 924 1330 993 quando
1345 924 1459 978 inueniri
1473 939 1527 1006 pon
1548 923 1753 1004 potest.3llodo,
1769 925 1865 990 modo,

422 1034 425 1039 <
501 1036 613 1112 arn
627 1038 758 1096 ...n
1072 994 1588 1133 ituatutuuutuumu
1605 1002 1867 1132 iuremus

265 1125 425 1187 Benedictus
441 1130 569 1189 Dominus
582 1131 628 1200 qui
640 1129 705 1185 latit
717 1128 849 1185 mirabilia
870 1129 952 1194 solus,
974 1128 1020 1197 qui
1073 1134 1187 1188 necdum
1206 1134 1329 1189 *incensae
1351 1142 1415 1187 sunt
1440 1133 1475 1187 ab
1494 1133 1541 1189 illo
1559 1133 1681 1189 scintillae
1702 1133 1864 1188 carbonum.

229 1201 307 1258 sedet
328 1217 414 1271 super
429 1201 524 1256 edem
543 1201 619 1270 regni
631 1201 683 1266 sui,
707 1201 820 1272 abyssos
841 1200 1021 1267 dignatusest
1071 1201 1204 1258 Gruterum
1228 1217 1288 1257 eum
1310 1211 1451 1272 ooeperunt
1469 1202 1624 1272 praecedere
1645 1202 1796 1258 reniemem
1816 1217 1867 1256 aa·

230 1272 317 1327 nostrl
336 1267 445 1350 visitare
459 1271 573 1341 peccati,
599 1279 629 1324 nt
652 1279 680 1325 et
700 1270 798 1324 nosde
813 1271 911 1325 throno
925 1267 1021 1324 mortis
1071 1273 1123 1341 geli
1133 1288 1194 1327 cum
1209 1273 1272 1328 tuba
1285 1281 1314 1327 et
1327 1286 1394 1327 rece
1405 1286 1512 1343 magna,
1555 1272 1645 1327 uando
1663 1272 1778 1327 uirtutes
1801 1273 1864 1327 eruli

231 1343 362 1411 eriperet,
378 1350 406 1397 et
419 1356 510 1397 seeum
522 1350 605 1411 atque
619 1341 645 1395 in
667 1356 697 1396 se
709 1338 797 1395 Patris
812 1339 924 1394 deutera
938 1338 1022 1395 collo·
1072 1344 1324 1408 eornmouebunter,
1340 1342 1522 1412 interpellatio
1536 1287 1573 1396 llo
1587 1342 1652 1412 quid
1671 1341 1753 1396 iaciat
1765 1343 1863 1397 mulie·

229 1418 317 1468 caret.
331 1410 385 1466 Sed
398 1413 460 1482 qu‘s
472 1411 620 1479 attingebat
634 1411 668 1466 ad
683 1410 832 1474 sedentem,
850 1409 900 1464 nisi
915 1408 1023 1463 ridere-
1072 1413 1131 1481 ris?
1154 1411 1221 1467 bum
1236 1412 1449 1467 commovebitur
1467 1412 1536 1480 ignis
1557 1412 1585 1465 in
1600 1412 1714 1467 circuitu
1736 1411 1809 1479 eius,
1836 1421 1866 1467 et

230 1496 292 1537 mus
306 1491 502 1545 transeuntem,
521 1496 601 1548 ouem
616 1479 771 1551 Stephanus
793 1481 860 1535 uidit
881 1478 1021 1534 stantem?
1074 1489 1220 1552 tempestas
1242 1481 1341 1549 ualida,
1364 1496 1424 1537 mea
1446 1481 1510 1552 quil
1533 1482 1697 1551 praevaleant
1708 1482 1867 1538 desideria?

230 1550 290 1611 lioc
303 1552 415 1621 rogabat
424 1553 518 1607 beatus
532 1550 625 1617 barid,
635 1551 706 1606 sieut
720 1550 746 1603 in
761 1550 886 1619 praesenti
901 1548 1022 1604 cantari·
1073 1551 1174 1607 Potero
1187 1551 1221 1607 ad
1236 1553 1343 1619 igneum
1358 1552 1487 1607 accedere
1499 1551 1636 1616 thronum,
1648 1552 1819 1620 congregatis
1830 1552 1865 1606 ad

230 1636 302 1690 mus,
322 1630 351 1678 et
368 1629 429 1691 post
444 1621 575 1690 psallente
589 1621 719 1677 concordi
733 1636 800 1674 voco
814 1619 1021 1687 respondimus:
1071 1621 1202 1690 judicium
1218 1622 1368 1690 legionibus
1381 1624 1578 1691 peccatorum?
1598 1620 1662 1676 ldeo
1676 1621 1758 1676 modo
1769 1621 1868 1677 ridens

231 1690 283 1756 Qui
301 1692 376 1746 redes
397 1709 474 1760 super
486 1690 632 1755 Cherubim,
648 1706 745 1762 appare
757 1706 846 1744 aarum
859 1688 983 1761 Epirota,
997 1696 1023 1742 et
1074 1706 1137 1747 eum
1150 1692 1178 1747 in
1193 1692 1243 1746 ista
1258 1691 1420 1760 bumilitate,
1436 1692 1513 1746 istam
1528 1691 1673 1761 praeripcre
1685 1692 1766 1761 cupio
1780 1706 1867 1761 spon·

231 1757 371 1832 Beniamin
384 1772 409 1815 et
423 1760 546 1816 haeresse
560 1760 646 1830 (Paul.
660 1776 751 1827 cxxix,
764 1760 802 1825 Ξ).
818 1759 875 1815 lloe
890 1758 1021 1824 audierat,
1074 1761 1189 1828 sionem,
1203 1761 1251 1817 sed
1264 1760 1407 1816 Dominum
1421 1776 1510 1816 meum
1525 1761 1630 1816 audiam
1643 1761 1864 1831 respondentem.

231 1841 260 1889 et
274 1832 386 1902 legendo
405 1831 536 1886 didicerat
556 1830 636 1886 beata
655 1841 743 1886 mater
760 1829 874 1885 liliorum
889 1828 1021 1898 zebedei,
1039 1831 1123 1900 pllio
1135 1829 1202 1900 jam,
1216 1830 1338 1894 Domine,
1353 1839 1382 1887 ιιι
1395 1831 1508 1886 sedeant
1522 1839 1612 1886 tecum
1631 1831 1756 1896 liliimei,
1778 1831 1805 1885 in
1825 1832 1867 1886 la-

231 1911 260 1958 et
278 1901 413 1958 intellexit
437 1900 579 1956 Dominum
601 1916 683 1982 snper
705 1900 850 1957 Cherubim
873 1900 1020 1964 sedentem,
1075 1902 1176 1957 teribus
1200 1902 1275 1972 rogni
1290 1902 1338 1956 tul.
1363 1899 1399 1955 Et
1420 1901 1558 1967 horninur,
1580 1900 1704 1970 llagnum
1726 1909 1767 1955 est
1790 1902 1866 1982 quod

230 1972 294 2041 onia
308 1985 431 2041 magnam
441 1971 561 2042 possidet
571 1971 738 2037 digrutatem.
753 1970 863 2026 decedit
874 1970 1024 2025 inumbran-
1093 1972 1215 2039 etis,·sed
1235 1972 1330 2041 agonis
1344 1972 1470 2026 meritum
1484 1986 1538 2026 non
1551 1971 1671 2026 discutis.
1695 1969 1765 2026 dote
1780 1986 1821 2025 ιιι
1834 1971 1868 2022 tt-

230 2046 276 2105 da,
301 2041 398 2097 adorat
420 2049 450 2095 ut
470 2041 577 2095 aucilla.
605 2042 725 2096 Postulat
746 2057 799 2096 non
819 2039 888 2095 dona
905 2050 1021 2104 terrem,
1073 1987 1119 2097 iis
1132 2043 1185 2098 tuis
1200 2043 1364 2108 mercedem,
1378 2057 1459 2111 quam
1474 2041 1605 2110 incipiant
1618 2042 1708 2096 subire
1731 2040 1864 2095 laborem.

231 2112 279 2169 red
292 2120 355 2167 rota
368 2111 499 2167 celestia.
517 2110 646 2166 bantinus
655 2119 698 2165 est
707 2112 778 2166 enirn
790 2110 929 2172 colorum,
943 2124 1023 2180 aquo
1073 2111 1189 2167 Potestis
1198 2111 1282 2169 bibere
1292 2114 1397 2166 calicem
1410 2128 1485 2184 quem
1498 2127 1545 2182 epa
1554 2110 1679 2165 botrano
1688 2127 1745 2165 ram
1755 2109 1865 2183 (Marti.

230 2181 342 2239 reterre
356 2178 460 2249 flagitat
474 2179 647 2236 desiderium.
672 2179 731 2248 Die,
757 2180 852 2250 innuit,
875 2191 903 2233 at
917 2180 1024 2234 redeam
1074 2198 1125 2248 xx,
1146 2181 1216 2249 til?
1238 2181 1323 2237 llater
1348 2183 1425 2252 petit,
1446 2190 1476 2237 ct
1491 2181 1573 2237 lldem
1588 2180 1716 2236 Dominus
1730 2181 1819 2251 poscit
1830 2181 1868 2236 de

218 2253 259 2325 „iri
270 2251 324 2306 dua
335 2252 384 2322 filii
398 2252 460 2316 met,
478 2267 542 2305 nitur
562 2251 596 2303 ad
610 2254 743 2305 dexteram
758 2262 838 2314 tunm,
861 2260 886 2303 et
908 2251 975 2304 aliar
988 2248 1023 2302 ad
1074 2250 1146 2307 siliis.
1161 2251 1220 2308 Non
1237 2254 1308 2308 euim
1320 2259 1380 2307 erat
1394 2252 1490 2308 idonea
1508 2260 1596 2307 mater
1615 2266 1665 2321 pro
1679 2252 1772 2306 liberis
1785 2249 1866 2306 lidem

230 2322 367 2378 riniatrm
382 2330 452 2374 taam
473 2322 501 2375 in
516 2337 596 2392 repud
611 2329 654 2375 tua
677 2319 784 2392 (llettb
812 2336 858 2385 xa,
882 2320 938 2389 hl).
965 2318 1022 2385 Dic,
1074 2322 1174 2389 dicere,
1188 2337 1303 2391 quorum
1318 2322 1484 2378 volunlatem
1504 2322 1618 2377 insuam
1633 2321 1799 2377 nonbabait
1815 2335 1868 2390 po-

232 2387 330 2461 impuit,
345 2392 372 2445 in
385 2391 469 2447 rerba
482 2400 547 2447 tuo:
562 2399 590 2446 et
611 2390 722 2446 ellectus
744 2390 851 2460 prolicit
872 2400 936 2445 roto
950 2405 1022 2445 nreo.
1075 2401 1211 2448 testatem.
1226 2389 1280 2447 Sed
1294 2392 1436 2457 bantinus,
1448 2401 1478 2449 ut
1489 2392 1577 2462 iustus
1588 2399 1616 2449 et
1635 2392 1753 2473 sapiens,
1775 2391 1809 2444 ab
1824 2391 1867 2446 eis

231 2461 340 2527 Dixisti,
355 2469 384 2516 et
397 2460 496 2517 lactum
511 2469 553 2516 est
563 2461 682 2517 coelurn:
708 2459 759 2523 die,
777 2467 806 2514 et
818 2457 1024 2530 parabitnrdliis
1075 2459 1154 2517 duem
1169 2463 1307 2532 poscebat,
1323 2464 1420 2533 quibus
1430 2475 1543 2532 agonem
1554 2463 1674 2533 martyrlt
1685 2462 1864 2532 proponebat.

229 2532 301 2590 meis
314 2532 438 2597 thronus,
453 2529 586 2586 claritudo
600 2532 768 2586 thronorum.
784 2528 807 2583 0
820 2530 916 2586 mulier
930 2530 1025 2585 eondi-
1076 2530 1137 2600 lpse
1153 2532 1225 2587 enirn
1244 2532 1315 2588 calix
1334 2533 1466 2602 passionis
1486 2532 1607 2604 martyrii
1627 2540 1738 2587 cruenta
1752 2533 1867 2601 patiarne

231 2601 326 2657 bonel
350 2600 403 2657 Sed
422 2601 485 2671 unia
503 2609 631 2656 matures
644 2601 755 2671 pietate,
771 2599 914 2654 humanam
930 2615 1025 2669 supcr-
1075 2602 1185 2669 bibitur,
1207 2612 1237 2657 ut
1250 2603 1425 2672 sanguineum
1439 2604 1536 2658 mortis
1552 2602 1710 2658 excludatur
1730 2614 1867 2656 venenum

231 2684 325 2741 gressa
338 2686 369 2729 es
383 2669 551 2754 dignitatem.
567 2669 690 2725 Christus
704 2669 738 2725 de
751 2684 832 2725 cruce
851 2669 1022 2739 praedicabat,
1074 2686 1130 2741 quo
1144 2687 1192 2742 per
1205 2671 1292 2727 Adam
1308 2674 1426 2754 perierat
1441 2681 1526 2727 totum
1541 2685 1626 2741 genus
1640 2672 1795 2726 barranum.
1813 2670 1867 2735 ipsi

231 2741 316 2798 etilla
327 2741 467 2811 importum
479 2741 668 2810 cognoscebat.
679 2739 726 2795 llle
736 2739 851 2806 dicebat,
861 2738 928 2793 Erae
938 2755 1025 2794 arear·
1075 2741 1146 2796 enim
1162 2742 1328 2811 interrogati,
1341 2742 1548 2825 respondemnt,
1568 2741 1711 2796 Patruinus
1727 2740 1867 2813 (ibidem).

233 2811 320 2866 diarm
329 2811 549 2882 Hmaratpuam,
557 2809 675 2865 etFiliur
685 2809 795 2865 laminis
807 2808 922 2862 trademr
932 2817 959 2861 ut
970 2825 1025 2863 eru·
1075 2810 1144 2878 Quid
1153 2812 1306 2878 dicendum,
1320 2812 1433 2867 [lemme
1443 2813 1454 2866 1
1465 2811 1616 2868 Possumus.
1628 2811 1680 2867 Per
1689 2820 1726 2876 te,
1740 2811 1866 2875 bomine,

233 2882 356 2955 alligatur
364 2877 469 3003 f(ibid,
484 2879 539 2943 181,
556 2879 588 2935 Ει
604 2880 650 2936 iila
665 2879 860 2950 interpellatrix
874 2887 1025 2934 aceemerat
1075 2882 1223 2949 ratramus,
1251 2898 1300 2952 per
1319 2898 1399 2952 quem
1425 2883 1478 2937 boc
1498 2884 1614 2952 petimus
1635 2881 1706 2950 quod
1730 2881 1866 2950 eupimns.

234 2951 354 3008 dulcium
373 2951 488 3007 diorum.
500 2948 626 3005 ilmuiier
636 2949 749 3005 illiorum
763 2951 839 3003 beata
851 2948 1025 3004 sanctornm!
1076 2949 1241 3008 Possibilitas
1256 2960 1348 3006 nostra
1362 2952 1389 3006 in
1405 2960 1449 3007 tua
1472 2960 1514 3007 est
1532 2959 1676 3023 potestate.
1700 2950 1798 3005 Petitio
1815 2967 1869 3004 no·

232 3020 358 3079 Meritum
373 3020 532 3093 praecessisti
553 3021 704 3083 beatorum,
728 3028 756 3073 et
774 3019 905 3074 honorem
919 3028 1027 3088 praeter·
1076 3030 1131 3076 stra
1147 3023 1173 3076 in
1187 3030 1232 3077 tua
1246 3023 1281 3077 sit
1294 3023 1443 3078 volumtate.
1465 3021 1539 3078 hene
1549 3021 1650 3091 petitis,
1673 3020 1872 3091 benepromit·

253 3105 326 3147 ressa
340 3106 370 3147 es
384 3090 551 3159 angelorum.
563 3088 622 3144 lion
637 3090 686 3144 tibi
699 3088 798 3144 sullieit
811 3089 873 3158 onia
884 3087 953 3144 filios
964 3096 1026 3143 tuos
1077 3092 1144 3146 titis.
1166 3090 1375 3148 immissionem
1400 3098 1515 3147 nestram
1539 3092 1641 3146 ueritas
1663 3091 1867 3159 subsequatur:

245 3161 287 3217 eei
300 3160 434 3216 'excelsos
456 3159 663 3230 praedicatores,
684 3173 753 3228 quos
775 3159 869 3228 inopes
890 3158 1025 3215 nutrieras
1077 3161 1125 3217 sed
1140 3162 1234 3231 petitio
1248 3171 1336 3218 vestra
1352 3163 1528 3217 humanorum
1543 3161 1649 3216 exce-lit
1663 3162 1776 3231 gratiam
1789 3162 1871 3215 meri·

254 3232 406 3287 tscatorest
423 3228 489 3286 Post
503 3229 569 3285 retia
582 3229 693 3295 ooelum,
705 3236 767 3300 post
782 3228 889 3283 bannum
904 3227 1062 3301 orange-c
1077 3239 1177 3286 torum.
1201 3230 1313 3287 Culicem
1331 3232 1434 3305 quidem
1455 3248 1538 3286 meum
1560 3230 1650 3286 bibetis
1674 3230 1772 3301 pluo,
1796 3229 1868 3300 2hlr

246 3301 312 3368 ium,
329 3308 391 3371 post
406 3300 565 3356 navicellam
581 3300 701 3383 postulas
714 3299 861 3353 thronum?
876 3297 934 3352 Non
948 3299 1026 3353 audi·
1079 3316 1182 3367 meum,
1194 3318 1248 3356 nnn
1261 3312 1380 3358 restrum
1391 3318 1399 3367 3
1410 3310 1498 3357 restra
1509 3302 1593 3372 potio,
1605 3301 1653 3356 scd
1662 3315 1721 3356 mea
1732 3301 1868 3368 dignatio:

233 3371 271 3427 stl
282 3373 309 3427 ln
324 3371 399 3428 libris
411 3371 530 3442 paternis
543 3369 608 3440 qurd
629 3369 731 3438 angelis
751 3367 849 3424 dixerit
873 3368 1024 3424 claritatis?
1080 3370 1152 3440 quod
1167 3373 1227 3440 qula
1241 3387 1353 3427 munere
1367 3386 1428 3426 meo
1442 3371 1519 3427 robis
1532 3371 1685 3427 bibentibus
1697 3371 1865 3436 conceditur,

233 3439 356 3513 liapbael
369 3442 474 3512 inquit:
490 3440 547 3513 Epa
559 3456 617 3496 tum
627 3456 695 3496 aaut
708 3439 740 3493 de
752 3448 851 3509 reptem
866 3440 967 3510 anpetir
1016 3440 1026 3493 i
1078 3441 1147 3496 bene
1162 3452 1279 3512 sperate.
1302 3441 1366 3496 illul
1382 3448 1470 3496 autem
1485 3441 1556 3510 quod
1572 3441 1672 3513 petitis,
1687 3442 1749 3511 qnia
1762 3441 1867 3510 reposi-

234 3522 367 3582 maome,
376 3523 401 3568 et
413 3527 595 3568 commetamur
613 3520 674 3565 aute
694 3511 839 3565 claritatem
861 3511 954 3564 serutari
1002 3509 1025 3564 ei
1077 3519 1134 3564 tum
1150 3520 1192 3568 est
1212 3512 1431 3580 agonizantibus,
1451 3511 1535 3566 certis
1552 3511 1676 3567 sensibus
1700 3518 1866 3581 exspectate.

177 3628 183 3637 ,
235 3581 374 3709 ὃΤσΜιι,
390 3579 1026 3651 ib).-Ettudieis,Scdeaatfilir‘meiiNonau·
1077 3578 1175 3635 Sedere
1187 3581 1871 3647 enimaddaatcrammeomrelatlrirrirtrum,narr

186 3698 192 3705 .
255 3652 298 3709 lsti
313 3653 380 3724 quid
394 3653 493 3709 dixerit
506 3651 622 3709 Danieli
648 3650 783 3713 Videbam,
805 3659 830 3703 et
850 3664 907 3703 eece
917 3649 1026 3703 tlrrouua
1078 3660 1117 3705 ert
1130 3652 1288 3705 menardure
1300 3649 1380 3721 rabir,
1390 3652 1438 3706 red
1449 3651 1539 3723 peilam
1549 3661 1671 3720 paratum
1681 3658 1720 3704 ert
1729 3649 1869 3722 (ibidem).

235 3725 346 3795 paritur,
362 3734 387 3779 et
405 3723 473 3778 redit
487 3724 613 3795 dntiprurr
627 3722 739 3777 dierum.
757 3718 843 3774 ttittia
857 3719 966 3774 millium
980 3720 1027 3772 mi·
1079 3721 1181 3788 Quibus
1195 3724 1231 3777 sit
1244 3731 1366 3793 paratum
1382 3737 1434 3776 non
1448 3722 1524 3775 dixit
1540 3720 1569 3775 ln
1582 3723 1714 3778 abseomo
1729 3720 1804 3792 ponit
1819 3720 1873 3773 lro-

236 3794 383 3850 niatrabam
395 3795 429 3857 ei,
452 3803 476 3847 et
501 3793 584 3848 decies
601 3805 709 3849 centena
731 3791 815 3848 millio
832 3788 988 3844 assistebant
1002 3789 1027 3844 ei
1078 3806 1190 3858 norem,
1207 3801 1237 3848 ut
1250 3792 1376 3847 cruribus
1389 3792 1489 3846 indicet
1503 3791 1632 3846 laborem.
1648 3791 1713 3846 Vult
1725 3792 1796 3847 enim
1810 3805 1873 3844 om·

236 3861 320 3934 (Dra.
336 3881 389 3934 err„
398 3864 436 3933 9).
461 3862 496 3918 Et
510 3863 628 3927 iudicis,
651 3862 767 3919 Sederat
786 3860 836 3946 filii
849 3859 921 3914 urei?
944 3858 1027 3915 lsaias
1077 3877 1126 3915 ncs
1141 3869 1263 3931 paratos,
1276 3862 1322 3932 qui
1336 3862 1424 3917 nullos
1438 3859 1573 3916 desiderat
1586 3868 1734 3932 separatos.
1755 3860 1791 3914 m
1802 3875 1873 3929 pro·

236 3933 324 3989 ceruit
338 3934 470 4006 pmpbeta
495 3932 560 3990 Sera
582 3934 636 3988 him
660 3933 686 3988 in
711 3934 824 3989 circuitu
848 3930 940 3988 altaris
964 3939 1027 3986 ante
1077 3938 1170 4012 pterea
1197 3931 1304 3987 duobus'
1327 3932 1467 4003 suspendit
1492 3932 1666 4014 petitionem,
1704 3946 1738 3986 no
1764 3930 1875 3985 caeteris

236 4001 379 4059 llomitrum
393 4012 525 4059 astantem
540 3949 608 4077 (ipra.
625 4018 660 4067 er,
673 4000 712 4075 2),
736 4013 765 4060 et
783 4012 812 4058 tu
827 4001 948 4073 postulas
958 4001 1027 4056 lilios
1078 4001 1226 4057 rullexisset
1240 4002 1363 4058 livorem.
1385 4001 1444 4057 lloe
1459 4018 1530 4057 enrm
1545 4017 1653 4072 semper
1666 4001 1763 4071 agebat
1776 4000 1873 4081 honri-

236 4080 300 4129 tuus
312 4074 341 4129 in
353 4074 670 4140 thronissedcrciQuasi
685 4076 799 4139 sistent,
810 4088 904 4143 parum
916 4071 1024 4139 esttibi,
1078 4087 1129 4127 nus
1152 4079 1261 4137 noster,
1284 4087 1338 4125 non
1358 4072 1494 4141 impotens
1516 4080 1669 4142 potestate,
1692 4071 1740 4126 sed
1763 4085 1875 4141 sapiens

236 4151 335 4198 mater.
347 4144 401 4199 dut
415 4143 436 4198 si
447 4144 603 4212 angelorum
618 4143 738 4199 ordinem
753 4144 903 4206 nesciebas,
920 4153 1025 4215 patrum
1077 4141 1204 4212 equitate
1220 4157 1228 4195 ι
1253 4149 1283 4196 ιιι
1300 4141 1366 4196 nulli
1380 4142 1500 4196 animum
1515 4142 1707 4211 discipulorum
1722 4142 1872 4197 humanum

237 4220 394 4269 anemurum
408 4214 502 4269 merita
525 4228 609 4282 quare
632 4227 685 4268 non
706 4213 839 4281 legebas?
858 4213 917 4268 Non
932 4223 972 4269 est
985 4213 1026 4269 di·
1077 4213 1218 4272 incitasset
1240 4212 1273 4265 ad
1294 4212 1390 4266 zelum.
1416 4210 1550 4267 llactenus
1569 4210 1710 4280 equattrer
1728 4226 1824 4266 omnes
1837 4210 1874 4264 ad

238 4295 326 4351 gnum·
336 4290 367 4338 ιιι
379 4290 552 4355 coequentur
566 4282 616 4338 lllji
627 4284 665 4338 tui
679 4285 748 4354 patri
763 4292 857 4339 nostro
873 4284 967 4352 bario,
981 4285 1026 4351 nui
1077 4282 1190 4352 gloriam
1205 4282 1295 4349 mittit,
1308 4281 1353 4352 orti
1366 4296 1447 4336 unam
1463 4292 1511 4351 pcr
1521 4282 1591 4336 riam
1606 4281 1719 4350 gratiam
1733 4281 1874 4337 condona-

237 4366 288 4424 pet
308 4353 440 4409 citharam
464 4353 581 4425 pellebat
603 4354 736 4409 dmnronia
760 4353 786 4427 (l
810 4354 875 4426 llep.
893 4370 945 4420 ιιι,
967 4354 1024 4425 25),
1077 4355 1125 4410 rit.
1145 4355 1211 4410 Nam
1227 4353 1336 4426 quarrdo
1353 4352 1492 4423 apostolus
1507 4350 1604 4406 Petrus
1624 4352 1675 4406 sibi
1698 4351 1874 4421 praesntmpsit

238 4422 288 4493 qui
299 4422 416 4479 humana
428 4424 516 4495 lingua
530 4424 680 4495 angelicum
698 4426 817 4481 cantavit
834 4424 960 4489 Alleluia,
980 4424 1026 4505 qui
1077 4426 1189 4493 gratiam
1200 4424 1373 4494 singttlarem,
1395 4437 1450 4478 non
1460 4422 1563 4492 acecpit
1577 4422 1704 4486 libenter,
1719 4420 1766 4476 scd
1778 4420 1875 4474 adoro·

239 4492 296 4549 allo
314 4492 406 4567 bylhm
434 4492 540 4552 Goliam
566 4495 633 4550 vicit
654 4496 829 4560 innocentia,
862 4510 915 4549 nou
943 4493 1028 4548 lorrca
1079 4494 1138 4550 nuit
1152 4496 1325 4564 prescienter
1338 4495 1459 4551 dicenti:
1480 4491 1538 4547 Etsi
1553 4508 1642 4547 amnes
1652 4490 1876 4544 scandalizabun-

240 4561 270 4636 (1
283 4509 429 4636 diepam,
446 4563 502 4633 ld),
518 4565 604 4634 etqui
625 4565 1025 4622 dixitorausllonrinmnsuum
1079 4574 1120 4617 ttrr
1139 4565 1167 4620 iu
1187 4573 1227 4629 te,
1255 4581 1302 4637 epo
1330 4580 1460 4636 rtunpaam
1486 4560 1693 4617 scandalizabar.
1714 4559 1876 4698 Respondit,

241 4634 394 4690 exsemine
414 4648 468 4691 suu
484 4635 631 4705 seeundum
654 4649 760 4690 carnem
784 4633 915 4698 irrtnmm,
937 4632 1299 4699 disratiocinatum
1331 4636 1397 4690 allus
1412 4642 1507 4699 sarriet,
1531 4629 1743 4701 termenepniia
1777 4627 1874 4683 uarro.

240 4704 474 4779 inbuit-adorabo,
483 4704 610 4760 Darnine:
622 4716 696 4759 mane
706 4706 828 4759 exaudies
840 4719 923 4759 racem
935 4720 1027 4758 meant.
1081 4718 1154 4771 xxrr,
1170 4703 1218 4769 55,
1232 4703 1288 4777 ol).
1313 4652 1402 4770 latre,
1428 4702 1569 4775 praesentis
1590 4711 1616 4756 tc
1629 4700 1734 4756 ceteris
1747 4700 1876 4771 superio·

240 4773 494 4844 uenenariorum,
508 4783 533 4829 ct
547 4775 737 4842 contemplabor
751 4782 775 4827 te
788 4774 873 4845 (lbet.
888 4790 923 4839 rr,
940 4772 974 4840 l,
988 4776 1027 4842 b).
1082 4789 1154 4840 rem,
1165 4774 1265 4830 senties
1280 4782 1307 4830 te
1320 4774 1474 4830 inferiorem
1495 4773 1629 4845 protinus.
1650 4769 1763 4837 Quando
1782 4779 1876 4825 autem

240 4843 312 4912 Quid
325 4844 445 4901 dicamus
458 4845 492 4900 dc
509 4843 582 4909 Elia,
608 4845 654 4913 qui
672 4844 775 4900 caelesti
796 4853 904 4899 evectus
917 4858 1032 4898 curruca
1082 4845 1207 4900 omnibus
1222 4843 1248 4899 itt
1262 4859 1406 4900 commune
1418 4845 1568 4925 prospexit,
1580 4843 1699 4899 etritam
1709 4841 1760 4898 sibi
1771 4848 1799 4896 et
1808 4856 1876 4896 eon-

242 4923 306 4970 ame
329 4915 428 4970 meruit
451 4915 711 4985 triumplrumqtmm
731 4921 850 4969 sumeret
868 4913 1030 4982 prumiam?
1082 4913 1222 4984 discipulis
1236 4913 1349 4983 gloriam
1366 4912 1628 4983 ssagttanit,rliecns:
1644 4912 1768 4969 Eeeenor
1814 4913 1877 4967 ire·

241 4983 276 5038 Et
290 4986 354 5055 quid
369 4983 438 5039 dixit
449 4999 509 5039 eum
522 5000 629 5039 martum
644 4984 757 5039 levasset
778 4983 811 5036 ad
827 4983 947 5037 emtione
965 4982 1036 5037 Vicit
1085 4986 1238 5039 metirentur
1253 4994 1290 5049 te,
1304 4983 1430 5056 guiduam
1442 4986 1490 5038 erit
1508 4983 1768 5053 uobirillespondit
1805 4982 1877 5036 omi-

241 5055 370 5111 Domr'aur
391 5055 434 5110 cui
447 5054 540 5110 arrhto
550 5055 577 5109 in
588 5063 724 5124 corripeatu
737 5055 793 5124 ejus
804 5053 879 5107 laodic
889 5051 953 5126 (Ill
965 5052 1031 5125 lien„
1084 5071 1136 5110 nus
1145 5055 1295 5138 acqualiter,
1311 5069 1365 5108 rron
1380 5061 1556 5123 separantur:
1576 5056 1658 5109 Amen
1672 5055 1730 5108 dica
1751 5051 1797 5107 tibi
1846 5052 1875 5106 ia

242 5140 306 5189 xm,
320 5124 358 5197 l).
397 5123 581 5195 ttupostnlas
600 5122 669 5179 titios
685 5131 745 5179 tuos
759 5125 784 5178 irr
801 5120 1032 5178 thronoscdcrcl
1084 5141 1127 5179 aar
1142 5141 1184 5198 qur
1199 5126 1280 5179 seruo
1292 5124 1353 5179 estis
1367 5140 1409 5178 me
1420 5124 1449 5177 in
1461 5124 1510 5177 baa
1524 5125 1696 5196 generatione,
1708 5138 1805 5178 enarre
1840 5124 1876 5176 rit

242 5194 350 5252 llomini
365 5195 446 5252 etiam
460 5208 512 5250 uox
525 5202 567 5250 est
581 5193 883 5260 manentis,terreutis,
900 5193 979 5262 idque
992 5192 1033 5246 tn-
1084 5194 1170 5250 Filiae
1186 5194 1299 5249 dammis
1316 5196 1344 5250 in
1357 5194 1451 5250 tltrorro
1468 5194 1611 5264 majestatis
1625 5209 1690 5261 rue,
1709 5191 1830 5247 sedebitis
1849 5202 1876 5246 et

241 5267 349 5322 rnatttis.
372 5265 493 5338 Vigilate,
508 5265 605 5334 inquit,
620 5271 646 5318 et
657 5274 740 5329 erate,
757 5272 788 5317 ut
800 5265 872 5334 clipei
885 5264 1031 5335 efficiamini
1084 5282 1128 5320 aar
1142 5281 1199 5320 eum
1212 5282 1242 5320 eo
1254 5281 1331 5335 super
1342 5264 1477 5320 duodecim
1492 5266 1606 5329 thronos,
1626 5264 1767 5318 'edicentes
1780 5261 1878 5319 dnode-

241 5337 355 5411 effuperr
365 5338 453 5393 outnia
466 5352 524 5409 pree
534 5344 639 5390 reaturo
652 5345 726 5398 tunt,
740 5344 765 5389 et
778 5336 851 5389 stetit
864 5344 923 5389 ante
933 5331 1032 5388 Filium
1083 5336 1134 5390 cim
1147 5334 1227 5390 tribm
1239 5333 1325 5391 lsrael
1338 5333 1448 5409 (haute.
1460 5352 1515 5395 ιιι,
1526 5334 1571 5401 it,
1586 5281 1645 5405 tbi.
1659 5333 1796 5388 ddrcrtitc
1810 5348 1877 5387 cau·

243 5407 358 5463 leontinis
371 5405 445 5478 (Luc.
462 5423 518 5469 ιιι,
533 5404 590 5476 56).
615 5403 648 5458 Et
662 5413 691 5460 tu
706 5406 767 5460 liliis
786 5406 839 5460 tuis
853 5406 965 5460 thronos
980 5418 1031 5473 po·
1083 5419 1142 5461 ram
1155 5405 1220 5473 quid
1234 5404 1342 5473 dixerit,
1363 5423 1416 5461 nort
1439 5417 1479 5461 eat
1502 5422 1587 5461 meum
1602 5405 1665 5459 dare
1684 5403 1764 5468 rabir,
1784 5419 1827 5459 'ne
1842 5404 1878 5458 de

241 5477 513 5548 stulasmajestatis‘l·
533 5474 572 5530 lla
587 5476 702 5536 veniam,
729 5482 817 5530 mater
834 5488 844 5528 :¹
867 5473 1032 5529 admirantes
1084 5475 1188 5531 honore
1201 5473 1316 5530 duorum
1330 5476 1435 5533 caeteris
1455 5473 1556 5532 laceret
1578 5475 1612 5530 de
1636 5473 1794 5544 praelatione
1817 5473 1875 5527 dis-

242 5547 294 5601 ista
308 5547 435 5614 diximus,
451 5563 506 5604 non
520 5547 670 5618 culpantes.
684 5544 755 5610 Noli,
772 5543 1031 5614 inpugnationem
1083 5544 1203 5600 cordiam
1221 5562 1228 5599 ι
1250 5546 1315 5616 quia
1341 5560 1421 5601 unam
1446 5545 1554 5602 eunetis
1577 5550 1710 5616 preparat
1733 5557 1875 5600 eoronam.

243 5625 340 5682 mater,
350 5626 477 5688 unquam
492 5616 695 5687 impossibilium
710 5631 754 5671 nte
763 5614 886 5684 cupidam
899 5613 1031 5683 judicare.
1082 5612 1150 5670 Nam
1162 5616 1240 5671 testis
1251 5623 1296 5671 est
1309 5617 1379 5672 ratio
1395 5615 1509 5686 majoris
1522 5614 1718 5686 promissionis,
1742 5613 1804 5683 quia
1821 5629 1878 5669 non

243 5685 377 5743 hominus
389 5689 457 5743 milri
470 5687 563 5743 tribuit
575 5688 653 5744 istam
673 5683 782 5740 aridam
794 5684 972 5748 uoluntatem,
987 5683 1036 5753 qu'r
1083 5693 1125 5740 est
1144 5684 1277 5755 impotem
1291 5683 1361 5741 ttius
1378 5686 1535 5756 majestatis.
1557 5685 1608 5753 Qui
1626 5684 1758 5756 promittit
1770 5683 1877 5740 duode-

242 5757 319 5824 regni
330 5757 472 5828 suidiliglt
485 5758 628 5820 violentas,
644 5763 673 5811 et
686 5756 759 5812 solos
770 5753 826 5810 odit
839 5755 885 5825 qui
899 5754 1034 5825 pomnmi
1083 5754 1138 5811 cim
1150 5755 1263 5812 dnonas
1275 5756 1308 5810 ad
1318 5770 1489 5812 communem
1499 5756 1669 5827 petitionem,
1680 5754 1751 5810 duos
1764 5753 1879 5810 thronos

242 5826 354 5900 eupiunt
365 5842 447 5899 super
461 5841 569 5899 egenos.
589 5826 717 5900 liugnam,
732 5825 828 5895 inquit,
850 5825 968 5882 colamur
984 5825 1034 5881 mm
1084 5826 1112 5886 in
1124 5839 1200 5883 sunm
1215 5826 1373 5883 nonhahuit
1386 5827 1575 5901 potestatem?
1598 5824 1648 5895 Qut
1670 5824 1744 5887 iosos
1764 5825 1879 5883 thronos
