4152 6344
267 347 330 403 -tm

790 350 958 406 tertuum
976 335 1023 406 'an
1039 351 1071 435 s.
1088 349 1269 407 successu
1283 353 1406 409 ortano.

1860 360 1914 415 830

269 469 338 525 'aitte
351 481 431 523 causa
447 467 617 534 interrogasti
631 481 682 529 rue,
700 464 749 520 alsi
763 465 825 535 qnia
840 466 936 520 vertisti
953 475 982 520 ιιι
994 450 1108 534 adju-‘A
1122 466 1234 522 tientes.
1252 466 1360 521 l’iderat
1372 444 1506 522 tteotiuctn
1527 483 1618 523 secum
1632 466 1727 525 tollere
1742 477 1854 536 tenant,
1867 472 1916 527 sed

278 553 327 594 ves
341 554 394 593 me.
410 537 556 593 Subveniat
571 535 708 599 Dominus,
723 535 786 603 quia
801 551 854 590 non
869 535 993 589 subvenit
1010 551 1068 589 ser·

269 625 339 664 vus.
356 606 536 670 Etllottrinus,
553 604 646 676 Surge,
672 604 767 675 inquit,
792 606 853 660 totle
873 605 966 661 lectum
986 614 1068 671 tuum,

279 691 306 735 st
320 678 385 735 rade
398 680 424 731 in
438 678 542 730 dottturu
557 685 626 729 tuam
641 673 731 743 (loon.
749 692 776 738 v,
788 674 827 744 8).
848 675 970 730 Surrexit
984 676 1069 745 proti·

281 753 331 805 irus
344 749 377 803 dc
392 749 505 818 piscina,
529 754 556 800 et
571 760 619 814 per
631 745 732 800 iontem
753 746 846 812 gratiae
862 746 984 799 semitam
999 745 1070 799 dire·

272 822 320 875 ·sit
333 819 431 873 lactitiae
443 818 475 871 ad
491 815 625 886 propriam
641 812 961 884 sumnonem(lleportat
971 815 1069 871 lectum

282 887 444 943 inllrmitatis
458 886 490 940 ad
502 886 610 940 doraum
625 902 712 951 suain,
729 897 758 940 ut
776 887 835 940 siue
851 887 920 940 lecto
935 886 1070 950 languoris

280 958 419 1014 caelestem
435 956 548 1010 intraret
562 954 718 1011 Ecclesiam.
743 954 865 1010 inliruuts
878 970 960 1010 sarnus
978 963 1070 1024 portat

282 1029 399 1088 lecturo,
424 1026 487 1094 quia
502 1028 622 1081 rtredicus
641 1026 734 1081 meridi
748 1025 809 1079 tulit
822 1035 971 1094 peccatum.
997 1023 1070 1078 Tulit

280 1111 360 1173 perper
373 1099 499 1152 humeros
513 1096 648 1166 propriam
661 1099 804 1159 sarcinam,
821 1095 911 1163 Agrius
921 1102 1011 1149 antem
1022 1093 1068 1148 ilai

280 1182 363 1236 snper
381 1168 515 1222 cervicem
538 1167 662 1237 pttrtaltat
676 1168 808 1221 sarcitum
829 1165 953 1219 alienam.
978 1163 1010 1217 tn
1025 1164 1070 1218 ille

282 1238 366 1292 lectus
390 1252 456 1292 crux
472 1246 539 1291 erat.
554 1235 608 1291 Sel
620 1237 706 1291 lectus
721 1236 860 1307 paralytici
878 1237 1070 1289 intercluserat

283 1307 402 1361 vestibus
415 1306 594 1361 delictorum:
619 1321 684 1361 crux
696 1314 785 1359 autem
809 1322 862 1360 ooo
885 1304 979 1360 habuit
999 1318 1071 1358 cont·

281 1377 433 1448 plexionem
449 1375 573 1440 restium,
599 1376 663 1445 qnia
679 1392 731 1429 nou
745 1375 837 1429 babuit
854 1374 959 1429 vincola
972 1389 1068 1444 pecca·

281 1458 381 1502 toruos.
398 1445 515 1501 Laetatur
527 1455 645 1508 curatus,
662 1456 690 1501 et
701 1446 841 1500 :restrulator
854 1443 971 1508 iudaeus,
987 1453 1017 1497 ut
1036 1443 1070 1499 de

280 1516 356 1572 tonte
369 1514 670 1583 gaudeothristiaous.
693 1514 761 1583 Quid
783 1514 872 1570 lacisi
894 1516 1011 1570 clamant
1023 1511 1071 1567 iu·

1121 552 1216 592 omnes
1238 540 1327 607 potins
1349 538 1471 592 consumi
1497 553 1529 592 ac
1551 538 1656 593 sorberi
1679 547 1793 594 eterra.
1814 542 1914 607 Quarrti

1121 615 1183 662 surtt
1197 616 1225 661 et
1239 608 1319 663 ruodo
1331 608 1377 676 qui
1388 609 1431 662 sic
1445 606 1548 674 dieunt,
1563 607 1677 663 Tantrtm
1693 609 1791 671 babeo,
1809 620 1914 666 tautum

1120 677 1255 747 possideo,
1269 685 1372 731 tantum
1387 675 1478 732 lacioi
1502 677 1604 744 Quibus
1629 680 1844 747 respondendum
1860 691 1916 747 est,

1120 746 1267 802 secundrnn
1283 745 1467 816 Eraugelium,
1483 746 1578 808 Stulte,
1590 748 1639 801 lter
1652 760 1725 803 nome
1734 752 1914 819 expostulator

1120 820 1209 871 anima
1224 829 1268 870 tua
1282 834 1298 870 a
1314 828 1357 880 ιι;
1388 833 1428 872 ue
1445 818 1609 888 praeparasti,
1623 819 1696 889 enim
1710 823 1811 873 erum?
1826 818 1912 888 Quatt-

1121 895 1285 957 tumcunque
1303 835 1435 956 cupiditas
1456 887 1561 943 radices
1575 903 1637 942 suas
1652 888 1751 958 ubique
1764 890 1913 961 distendat,

1120 967 1358 1027 quantumcunque
1372 958 1469 1025 rapiat,
1487 972 1597 1013 nectssc
1611 966 1653 1012 est
1672 959 1699 1013 in
1715 974 1766 1013 uua
1788 959 1855 1014 bora
1870 971 1913 1014 to·

1121 1036 1177 1081 tum
1191 1027 1318 1081 dimittat.
1344 1026 1396 1083 Sed
1411 1026 1589 1093 dicturuser,
1613 1026 1706 1085 liabeo
1724 1028 1795 1085 illios
1814 1031 1916 1100 quibat

1122 1097 1262 1161 laborem,
1288 1096 1377 1151 babeo
1402 1096 1500 1167 quibus
1522 1112 1614 1151 curam
1638 1100 1783 1153 niaximum
1806 1106 1913 1166 geram.

1121 1166 1254 1233 Quantam
1269 1183 1361 1221 curam
1375 1167 1447 1234 getis
1467 1166 1592 1228 liliorum.
1614 1176 1642 1222 ut
1656 1182 1705 1222 eus
1719 1169 1848 1240 lacrymis
1862 1187 1912 1242 up·

1122 1238 1222 1307 primas
1244 1236 1426 1291 miserorum?
1451 1235 1510 1291 Nou
1528 1245 1570 1292 est
1584 1238 1636 1294 boc
1655 1237 1724 1292 lilios
1738 1254 1843 1305 amare,
1863 1240 1913 1296 ssd

1120 1307 1210 1378 potius
1224 1321 1330 1362 necare.
1340 1298 1437 1362 ilcscis
1449 1306 1513 1377 quia
1527 1308 1616 1361 turrinis
1629 1310 1711 1362 arbor
1724 1310 1750 1363 io
1765 1306 1852 1366 fructu
1870 1309 1910 1365 di·

1120 1377 1267 1446 gnoscitur,
1279 1376 1420 1445 nesciaque
1433 1377 1505 1446 qood
1518 1376 1545 1430 in
1560 1376 1651 1432 radice
1663 1378 1775 1442 celatur,
1791 1377 1817 1433 in
1829 1380 1913 1435 ramis

1120 1447 1282 1511 declarator,
1297 1454 1325 1500 et
1339 1446 1410 1516 quod
1421 1446 1487 1501 latet
1497 1447 1524 1500 iu
1540 1446 1614 1511 lolio,
1630 1448 1753 1502 cutmen
1768 1449 1794 1503 in
1810 1451 1912 1519 ιιιιιιοι

1120 1515 1190 1572 Nolo
1203 1515 1285 1570 talem
1297 1523 1399 1586 patrem
1416 1524 1442 1571 te
1455 1518 1575 1571 sentiant
1593 1516 1637 1572 lilii
1651 1518 1699 1572 toi.
1715 1516 1782 1572 Nolo
1797 1521 1837 1574 sic
1851 1535 1912 1589 ptu-

273 1588 341 1647 dai,
353 1586 465 1642 sabbato
479 1587 549 1640 tollis
563 1588 661 1642 lectum
674 1586 848 1653 adopertam
860 1583 1067 1654 blasphemiam!
1123 1588 1222 1651 rideas,
1238 1593 1266 1638 ut
1277 1587 1359 1657 ortigis
1369 1585 1499 1641 invidens.
1513 1586 1536 1641 il
1549 1587 1643 1656 quanti
1655 1601 1785 1657 pauperes
1795 1604 1912 1645 nascun-

281 1656 376 1711 Melius
387 1670 438 1725 ego
452 1657 550 1712 lectum
566 1671 654 1712 uacum
670 1656 736 1712 tollo
751 1656 776 1709 in
798 1655 920 1715 sabbato.
936 1669 1016 1723 quarn
1030 1653 1069 1707 le·
1122 1666 1175 1722 tur,
1201 1664 1231 1713 et
1252 1656 1421 1727 postmodum
1433 1656 1541 1717 >divites
1562 1657 1733 1712 elliciuntur!
1761 1655 1792 1712 Et
1815 1660 1911 1728 quanti

281 1737 341 1783 etus
360 1742 436 1781 niens
450 1742 493 1780 tne
508 1726 633 1797 portabat
648 1726 673 1780 iu
687 1727 809 1781 salubato.
831 1724 861 1779 lu
874 1725 986 1780 sabbato
998 1738 1069 1778 sem·
1120 1728 1219 1799 quibos
1233 1739 1327 1796 magua
1350 1726 1490 1781 ltarrcditas
1511 1726 1664 1790 dimittitur,
1686 1735 1714 1783 ιι
1737 1729 1912 1798 postmodum

281 1812 331 1867 pcr
344 1812 443 1852 xxxvto
457 1799 534 1851 antris
548 1796 682 1864 jacebant,
701 1795 799 1851 servile
821 1811 874 1850 non
894 1794 974 1850 babai
990 1793 1066 1847 otini·
1120 1799 1154 1853 ad
1178 1797 1318 1867 penuriam
1347 1794 1526 1860 rediguntur!
1552 1795 1644 1865 Neque
1671 1797 1745 1852 etaim
1769 1796 1911 1869 Scriptura

281 1867 403 1922 sterium.
421 1866 500 1920 lenit
515 1867 643 1921 burrtirrus
661 1865 774 1925 sabbati,
799 1874 827 1920 et
841 1864 932 1934 accepi
948 1864 1068 1918 bortrini—
1084 1843 1212 1923 Basante
1226 1866 1418 1935 mentiturque
1431 1867 1507 1927 dien,
1517 1864 1587 1921 bens
1646 1881 1730 1937 peram
1754 1869 1818 1937 [πει
1829 1877 1854 1923 ee
1868 1870 1911 1925 ιο.

275 1953 343 2013 curn
358 1952 497 1992 sacranuo
511 1952 564 1990 ιιιιι.
588 1933 716 2001 Oludaei,
736 1937 758 1990 si
773 1936 878 1991 sciretis
891 1934 936 1990 ubi
949 1932 1065 2003 jacetis,
1118 1937 1250 2001 cupierat:
1275 1936 1394 1991 bumiliat
1407 1946 1432 1990 et
1450 1936 1579 2008 exaltat(
1614 1936 1678 2008 [ιιι.
1694 1948 1722 2002 ιι,
1739 1934 1776 2008 il.
1798 1937 1826 1994 Si
1840 1954 1910 2009 ergo

281 2007 445 2061 tolleretiset
455 2007 636 2074 vosgurbatos
649 2016 754 2060 vestros
766 2006 791 2060 in
803 2007 927 2064 sabbato.
939 2004 1068 2075 qoiasab
1119 2007 1165 2064 liei
1180 2015 1222 2062 est
1235 2020 1379 2077 pauperem
1394 2005 1482 2065 lacere
1496 2014 1524 2061 et
1537 2005 1640 2074 ditare,
1662 2022 1712 2062 cur
1724 2009 1801 2076 quasi
1815 2011 1911 2078 provi·

278 2077 374 2131 batum
398 2092 451 2130 noo
474 2076 612 2145 impedivit
638 2076 760 2139 llorrtino,
786 2092 835 2130 uec
858 2075 978 2130 medicus
992 2088 1068 2128 nicus
1117 2079 1168 2133 dus
1189 2076 1302 2132 liliorum
1318 2085 1424 2130 turnum
1439 2076 1555 2132 existis?
1569 2092 1618 2132 cur
1637 2078 1709 2146 rapis
1723 2092 1784 2146 quac
1805 2080 1911 2147 potes?

276 2147 392 2217 'pisciurc
403 2145 568 2215 exspectavit
579 2146 751 2213 adiutorium.
769 2145 873 2199 [lirnisit
892 2145 1003 2206 luctum,
1019 2158 1068 2213 po·
1118 2150 1141 2203 si
1158 2148 1227 2203 torte
1240 2154 1367 2201 maneam
1380 2148 1478 2209 nescis,
1496 2146 1544 2200 tibi
1559 2153 1716 2217 perpetuam
1736 2163 1845 2216 posnam
1859 2165 1911 2204 nu.
1954 2176 1965 2193 .

278 2217 335 2271 'suit
349 2215 381 2270 ¹0⁴
391 2225 458 2279 tum,
479 2214 542 2271 [⁰⁰¹1
556 2215 667 2283 grabato
681 2216 749 2278 lale·
769 2214 885 2269 reddidit
908 2213 945 2268 illl
967 2213 1065 2278 licem,
1119 2219 1175 2279 tris.
1191 2226 1219 2272 et
1230 2216 1377 2272 marimum
1392 2215 1453 2271 llliis
1468 2216 1588 2271 dolorem
1603 2218 1716 2272 dimittis
1727 2218 1740 2272 l
1753 2217 1823 2274 llicit
1836 2222 1911 2276 enirn

282 2301 317 2341 ne
328 2286 538 2355 ingratuslectns
553 2287 664 2339 lorsitau
678 2293 828 2339 accusaret.
842 2282 962 2339 Occurrit
977 2280 1067 2337 [lomi-
1118 2287 1266 2357 Scriptura,
1291 2283 1342 2350 Qui
1365 2296 1505 2357 eartqreqat
1517 2288 1615 2349 aliena,
1639 2286 1745 2341 dimittit
1768 2288 1831 2359 filiis
1853 2290 1911 2344 suis

282 2372 334 2411 nos
347 2356 453 2438 prolato
466 2354 587 2424 grabato.
610 2354 731 2409 Occurrit
755 2367 895 2425 susceptor
917 2370 966 2407 suo
980 2367 1069 2408 susce·
1118 2358 1242 2413 dolorem.
1255 2353 1288 2409 Et
1302 2372 1407 2411 rursum
1421 2357 1485 2412 dicit
1497 2355 1523 2410 iu
1538 2355 1650 2411 Psalmis
1662 2373 1669 2410 ι
1687 2356 1868 2412 Venenttantett
1881 2361 1912 2414 irs

282 2435 354 2497 ptort
370 2426 517 2496 paralytico
534 2433 638 2479 sanato.
664 2424 788 2480 Salvator
802 2425 866 2479 vidit
880 2423 1025 2486 lactatttem,
1039 2431 1068 2477 et
1117 2428 1229 2499 imapint
1252 2425 1398 2480 deambulat
1421 2427 1516 2491 bonta,
1543 2437 1626 2480 tamen
1650 2444 1714 2482 eane
1731 2431 1910 2485 conturbatur.

282 2512 336 2551 non
388 2496 452 2549 titur
466 2495 653 2565 negligentem,
674 2492 754 2562 Ecce,
768 2495 863 2564 iuquit,
884 2510 962 2549 sanus
984 2495 1068 2561 [aetus
1120 2497 1300 2564 Titesau'risat,
1314 2505 1340 2551 et
1359 2497 1439 2550 nescit
1458 2496 1499 2550 aui
1513 2497 1619 2568 callipat
1642 2496 1729 2561 (Ριιι.
1743 2513 1854 2561 xxxvia,
1870 2498 1911 2570 il.

282 2583 310 2620 es
325 2564 350 2638 (ι
370 2565 417 2631 td,
435 2563 487 2634 tt).
510 2563 603 2621 Gaude
618 2566 653 2620 dc
666 2565 793 2631 sanitate,
810 2564 941 2619 sollicitus
961 2571 1020 2618 esto
1033 2563 1066 2617 ad
1119 2566 1189 2636 Quid
1203 2566 1377 2631 thesaurizas,
1402 2567 1465 2636 quid
1489 2568 1549 2622 auri
1569 2566 1726 2636 argentique
1740 2568 1842 2624 talenta
1862 2584 1911 2624 re-

282 2634 464 2691 inbrmitatem
477 2653 484 2688 ι
497 2644 526 2690 ut
540 2634 657 2690 secunda
672 2650 745 2691 rums
760 2635 786 2688 io
802 2644 829 2691 te
844 2651 897 2690 uon
911 2634 1009 2689 lrabeat
1024 2647 1069 2702 po
1119 2636 1213 2696 condis
1228 2638 1240 2692 ι
1259 2634 1327 2704 Quid
1351 2637 1494 2705 imaginem
1517 2637 1589 2705 regis
1610 2637 1742 2720 sculptam
1765 2652 1859 2693 servas
1882 2640 1912 2695 in

283 2714 418 2762 testatem.
435 2704 566 2776 Nepotes
590 2706 652 2776 quia
666 2705 723 2761 sine
737 2721 817 2761 causa
830 2714 856 2759 tc
876 2703 1025 2766 emendavi,
1041 2709 1068 2757 et
1119 2708 1222 2771 solidis,
1246 2715 1275 2761 et
1298 2707 1441 2774 imaginem
1466 2705 1513 2762 Dei
1540 2707 1689 2762 conditoris
1714 2708 1740 2762 io
1755 2707 1912 2765 bominibus

281 2786 359 2831 toruo
370 2786 492 2844 ternpore
506 2777 653 2844 castigavi:
668 2776 756 2830 lucras
771 2790 844 2842 reus,
858 2790 913 2829 nou
927 2787 996 2842 rgo:
1014 2788 1066 2827 uon
1119 2778 1283 2834 detestaris?
1307 2776 1367 2831 Sint
1390 2785 1418 2831 et
1433 2776 1561 2846 [leoque
1576 2776 1622 2832 ilci
1637 2778 1709 2832 survi.
1731 2776 1846 2845 llajanas
1860 2794 1911 2832 ηρ.

284 2855 312 2901 te
325 2846 434 2905 cttrasti.
450 2845 497 2900 sed
511 2859 572 2913 ego.
590 2845 654 2899 Vide
668 2862 700 2900 tte
714 2861 810 2914 pecces,
826 2841 930 2916 nequid
942 2841 987 2896 tibi
1001 2842 1069 2896 dete·
1120 2850 1168 2905 stri
1191 2848 1252 2903 ideo
1273 2847 1358 2916 copiis
1372 2845 1496 2902 omnibus
1509 2846 1695 2913 abuttlabant,
1722 2850 1783 2918 quia
1810 2857 1838 2902 et
1854 2847 1911 2903 lieu

283 2918 338 2971 rius
354 2917 402 2986 pat
414 2912 520 2987 (tntu).
536 2915 592 2970 iloc
603 2916 670 2970 dixit
683 2914 819 2980 llorrrinus,
832 2922 860 2970 et
874 2932 927 2969 non
939 2913 1006 2968 dixu
1019 2927 1068 2966 ao·
1120 2918 1238 2974 decimas
1260 2916 1375 2979 dabant,
1400 2926 1428 2972 et
1450 2928 1560 2972 censum
1579 2915 1677 2972 (rasari
1700 2916 1911 2988 dependebaot;

284 2987 371 3053 gelus,
396 2985 505 3056 qnando
530 2994 603 3039 tuma
625 2986 726 3056 piscina
753 2985 933 3041 descendebat
956 2998 1024 3038 attus
1042 2990 1070 3039 et
1120 2988 1202 3045 modo
1217 2998 1315 3051 autern,
1333 2988 1395 3057 quia
1411 2986 1457 3041 bet
1472 2987 1585 3042 recessit
1596 2988 1715 3047 devotio.
1733 2987 1849 3044 Caesaris
1862 2990 1911 3043 ac·

284 3054 613 3127 utspirabatparalpticus.
629 3055 826 3126 Angelusenint
838 3054 962 3108 tttorebat
972 3064 1069 3120 aquarn
1121 3059 1202 3115 cessit
1217 3057 1337 3113 indictio.
1356 3056 1412 3113 liae
1424 3057 1496 3112 enirn
1513 3057 1582 3111 tollit
1602 3056 1692 3122 tiseos,
1707 3055 1781 3125 quod
1797 3072 1851 3113 uon
1866 3074 1910 3114 ac·

284 3126 311 3180 in
327 3126 439 3195 piscina,
459 3135 488 3180 et
510 3125 665 3178 salvabatur
687 3124 871 3179 tantummodo
890 3138 968 3178 noste.
992 3120 1070 3178 lenit

1121 3128 1187 3199 cipit
1199 3126 1329 3183 Christus.
1349 3125 1407 3182 linc
1420 3126 1541 3182 barbaris
1555 3128 1644 3191 datur,
1659 3127 1732 3196 quod
1746 3129 1911 3195 pauperibus

284 3194 417 3260 elautus,
432 3210 484 3249 noo
493 3193 628 3318 piscinam
642 3195 757 3263 aspexit.
770 3190 806 3250 ‘ct
819 3193 953 3248 lluserout
965 3203 1068 3274 gentes.
1083 3214 1105 3276 C
1121 3214 1176 3253 non
1189 3208 1326 3265 erogatur.
1342 3195 1453 3251 lloltmn
1468 3212 1551 3263 erras,
1566 3211 1656 3261 avare,
1668 3197 1714 3265 qui
1727 3203 1808 3267 putus
1822 3197 1849 3251 iu
1860 3197 1912 3255 boc

283 3263 339 3321 Nec
354 3280 433 3319 utram
448 3281 492 3318 nto
512 3279 528 3317 o
539 3262 668 3333 piscinam
679 3264 812 3319 sustinent
822 3271 978 3334 peccatores
988 3302 996 3326 ,
1007 3278 1069 3333 quta

283 3335 312 3390 in
323 3344 381 3390 toto
391 3335 490 3395 mundo
503 3342 676 3389 renascentur
689 3332 812 3396 inientes,
824 3335 869 3405 qui
881 3333 987 3387 fuerunt
997 3349 1072 3389 corrr-

284 3414 416 3477 petcotes.
431 3403 490 3460 iam
503 3403 668 3473 susceptoria
681 3403 762 3458 tontis
775 3420 827 3458 non
843 3402 989 3475 porticibus
1002 3404 1073 3458 clau·

285 3476 396 3538 duntur.
410 3476 458 3532 scd
473 3476 637 3545 propheticis
652 3484 679 3528 et
689 3474 845 3543 apostolicis
855 3473 1070 3538 circumdantur,

283 3548 315 3601 'ut
327 3553 420 3601 aestum
433 3561 487 3601 nou
500 3545 637 3615 patiantur
648 3544 794 3599 sitientium
815 3544 899 3598 turbae
918 3558 1069 3598 cervorum.

284 3614 353 3685 Quia
368 3618 375 3669 i
395 3631 425 3671 se
439 3617 498 3671 ltrrn
511 3615 619 3681 claruet,
635 3614 685 3680 Qui
696 3616 760 3676 sitit,
774 3616 858 3668 ueniat
868 3623 891 3667 et
900 3611 969 3666 bibat
980 3610 1069 3680 (icari.

286 3702 330 3752 vn,
356 3632 413 3758 δξι.
438 3683 549 3741 Noocst
564 3686 647 3740 etiarn
671 3693 777 3754 tempus
800 3692 828 3739 nt
853 3698 949 3754 aquam
965 3694 1072 3739 uroveat

284 3757 415 3828 angelus.
439 3756 502 3825 quia
527 3754 627 3810 iontem
651 3755 743 3823 gratian
758 3763 875 3809 rrmoenat
887 3752 1002 3823 Spiritus
1014 3768 1073 3806 sau·

283 3826 353 3892 ctus,
368 3828 438 3881 sicut
451 3826 552 3881 dictum
564 3833 604 3881 est
614 3826 675 3895 quia
691 3825 806 3895 Spiritus
821 3822 871 3877 bet
885 3821 1014 3895 serebatur
1032 3837 1073 3875 su·

283 3908 329 3965 per
349 3913 441 3969 aquarn
471 3893 547 3967 (Gen.
562 3911 582 3961 t,
604 3894 643 3965 2).
669 3892 744 3949 Tunc
764 3893 1072 3965 superierebatursuper

283 3980 392 4036 aqaanq
415 3965 462 4021 sed
487 3981 557 4021 stunc
581 3966 713 4020 inhabitat
727 3966 818 4034 requie
841 3963 916 4018 suavi
931 3974 1018 4026 terrac,
1044 3962 1071 4017 in

283 4051 336 4106 qna
351 4044 441 4089 rvrotus
462 4048 515 4095 non
531 4034 645 4101 videtur,
666 4035 713 4090 sed
735 4035 874 4090 creditur,
887 4032 943 4087 Nec
955 4046 1070 4102 corpora

284 4114 388 4160 tanturn
403 4104 550 4170 salvantur,
561 4105 611 4159 'sed
626 4105 773 4159 liberantur
788 4105 892 4157 attitiae.
914 4100 1013 4157 Omnes
1025 4101 1071 4170 qui

283 4171 464 4247 baptizantur.
486 4175 624 4242 eriguntur
643 4171 677 4227 od
693 4187 774 4241 regua
793 4172 924 4228 caelorum
938 4172 965 4226 iu
980 4186 1069 4231 cursu.

283 4251 313 4301 ιιι
333 4243 502 4297 attendentes
521 4257 628 4313 semper
652 4242 685 4297 ad
704 4245 855 4311 grabatum.
881 4251 991 4310 peccata
1014 4249 1073 4295 stu·

283 4312 363 4368 deant
375 4328 471 4368 cavere
486 4329 601 4380 tuorum,
616 4321 642 4368 et
656 4313 714 4367 siue
724 4310 796 4367 lecto
810 4308 972 4366 infirmitatis
982 4310 1072 4364 ritcrnt

283 4380 344 4455 lusti
356 4385 383 4439 in
397 4384 492 4437 sucula
507 4383 675 4443 seculorum.
693 4382 786 4437 druen.
823 4450 826 4455 ζ

562 4513 677 4571 setino
696 4514 786 4570 txtv.

403 4607 442 4693 ιιι
454 4624 483 4663 ea
498 4607 640 4663 scinderes
655 4612 717 4680 agir
730 4608 815 4662 attulit
834 4610 942 4679 [matus.

318 4719 445 4788 Audistis,
460 4717 568 4787 iratres,
581 4719 805 4789 quemadmodum
823 4720 901 4775 uobis
914 4720 993 4775 bodie
1006 4721 1067 4777 bea·

282 4798 327 4845 tus
351 4791 515 4859 evatrgclista
540 4788 743 4845 similitudinem
767 4792 927 4861 proposuit,
957 4791 1066 4848 dicens:

281 4859 403 4915 ilamiuis
422 4861 556 4932 cujusdam
569 4860 655 4917 dicitis
667 4860 757 4914 uberes
771 4862 870 4930 [ructus
888 4877 951 4932 aper
968 4862 1065 4931 attulit,

280 4938 305 4985 et
318 4931 437 5001 cupitarit
451 4929 521 4999 apud
540 4946 578 4995 se,
599 4930 696 4993 diceus,
721 4928 914 5055 Quidpuciam,
939 4932 999 5002 quia
1013 4947 1064 4986 nou

280 4999 361 5054 debeo
379 5000 421 5053 uti
435 5001 555 5073 colligant
566 5002 664 5072 [ructus
684 5000 777 5054 meos?
816 5001 921 5060 tdiait,
945 4999 1002 5056 Hac
1021 5005 1035 5072 f
1051 5031 1063 5043 ·

279 5072 348 5125 ιιιιιιι
362 5086 371 5124 .·
383 5071 512 5125 destruant
525 5073 618 5126 borma
636 5085 708 5135 mea,
723 5079 748 5123 et
761 5070 862 5124 ma‘ara
876 5070 1020 5141 aedificabo,
1039 5080 1064 5126 et

278 5141 341 5196 litua
354 5140 514 5212 caupreqaba
528 5144 625 5212 [nectus
638 5155 727 5199 oreas:
748 5147 773 5193 et
786 5087 871 5194 alienu
883 5141 978 5195 animae
991 5157 1063 5208 mete,

279 5209 368 5266 linies
381 5210 462 5263 muita
477 5213 589 5281 reposita
603 5212 630 5264 in
649 5209 742 5265 multat
756 5226 848 5275 arruns,
882 5209 959 5276 aude,
978 5219 1003 5263 et
1018 5212 1064 5282 jo·

277 5278 401 5335 tundore.
423 5278 592 5334 visitantem
613 5280 636 5334 ei
651 5278 788 5342 Durnium,
814 5227 907 5343 Stufte,
929 5280 977 5333 bac
990 5290 1064 5335 nacte

276 5349 456 5420 expostulatur
469 5353 557 5407 ant'nta
571 5360 615 5405 tua
629 5366 646 5402 a
666 5361 709 5412 te,·
732 5365 789 5418 qntc
803 5352 968 5421 praeparasti,
990 5366 1063 5422 caput

276 5429 352 5475 erunt
361 5418 438 5489 qtae,
457 5437 503 5483 su,
519 5420 561 5486 tt,
572 5420 658 5492 seqq?
671 5417 693 5474 0
707 5422 813 5475 accitas
823 5421 952 5488 avaritie,
969 5422 1062 5477 batres

275 5489 457 5547 dilectissimi:
471 5506 523 5545 uuo
531 5505 584 5547 nox
595 5498 745 5560 supererat.
756 5497 785 5544 et
793 5489 1066 5547 demultorumanuo·

252 5587 257 5607 ·
276 5575 336 5614 runt
355 5561 519 5631 repositione
537 5563 686 5631 satagebat.
702 5557 850 5623 Suadebat,
869 5570 999 5628 quantum
1013 5562 1064 5617 sibi

277 5630 350 5684 nasci
366 5630 482 5696 videbat,
498 5640 524 5686 et
540 5632 746 5701 nesciebatque
761 5628 826 5684 aildl
840 5644 930 5685 secum
942 5631 1063 5697 tollebat,

274 5700 322 5754 sed
333 5698 377 5754 bic
386 5703 475 5755 otrrnia
485 5701 645 5757 dimittebat.
657 5699 715 5756 Nos
727 5699 843 5755 civitam
856 5703 980 5769 negabat,
992 5709 1020 5756 ιι
1030 5702 1064 5756 de

273 5769 393 5824 crastino
406 5771 551 5830 coritabaa
562 5771 640 5838 Quod
658 5772 684 5827 in
699 5770 758 5825 aliis
769 5770 918 5840 spectabat,
929 5772 956 5825 io
966 5785 996 5827 se
1009 5786 1063 5826 noo

273 5839 410 5912 speratur.
434 5836 531 5907 ibique
547 5841 648 5895 viderat
656 5840 997 5911 illepossidcntes,riderat
1005 5856 1062 5897 nro·

1121 3268 1220 3324 seculo
1234 3282 1410 3338 comparare:
1425 3267 1545 3337 quotidie
1556 3267 1663 3331 labitur,
1676 3267 1797 3337 quotidie
1809 3266 1912 3336 deber,

1121 3337 1444 3394 muttdnsruiuatnsaam
1469 3337 1595 3404 minatur,
1620 3336 1700 3392 linctu
1724 3338 1859 3403 testatur}
1884 3346 1913 3399 et

1122 3408 1177 3464 illic
1192 3416 1219 3463 tc
1233 3407 1350 3463 delectat
1362 3408 1515 3479 persistere,
1532 3406 1587 3463 illic
1596 3406 1684 3463 adbuc
1697 3404 1839 3471 mdibcare,
1857 3423 1912 3472 ιιιι·Δ

1121 3477 1265 3603 deopptant
1278 3479 1364 3533 saneti
1379 3477 1517 3546 migrare?
1539 3475 1653 3531 AEdilica
1677 3478 1749 3545 qood
1766 3485 1828 3541 stat,
1853 3492 1912 3534 aaa

1122 3560 1158 3618 qu
1207 3547 1289 3604 cadit.
1313 3542 1427 3603 AEdtbrs
1441 3547 1514 3617 quod
1528 3557 1628 3610 manet,
1651 3562 1706 3602 iton
1721 3546 1791 3618 qumi
1805 3546 1850 3601 bic
1863 3561 1912 3601 re-

1122 3628 1224 3684 manet,
1249 3625 1277 3674 ct
1300 3632 1426 3690 coutpam
1450 3617 1498 3673 tibi
1523 3618 1687 3685 paradisum,
1711 3618 1848 3686 compara
1862 3616 1914 3674 tibi

1122 3689 1231 3752 coelurn,
1252 3687 1297 3743 ubi
1312 3703 1421 3743 maneas
1434 3687 1461 3742 in
1476 3695 1625 3742 eternum:
1641 3691 1689 3741 scd
1708 3687 1730 3741 si
1745 3686 1785 3740 vis
1798 3701 1914 3756 compa·

1122 3772 1183 3813 rare
1197 3758 1305 3821 coelusu,
1326 3757 1368 3814 lac
1382 3757 1455 3827 qood
1473 3766 1515 3813 est
1529 3764 1701 3827 preceptum.
1727 3753 1805 3822 Noli,
1825 3755 1914 3826 iuquit

1121 3824 1261 3893 Salomon,
1272 3827 1444 3899 parcere(al.,
1454 3838 1556 3898 parere)
1566 3825 1691 3882 tiretuutis
1704 3828 1763 3880 tuis.
1779 3823 1914 3882 Triboco-

1122 3897 1162 3955 ιιι
1188 3906 1277 3952 autern
1298 3905 1360 3953 suot
1383 3898 1561 3969 etesiuosyua
1573 3912 1622 3967 pro
1633 3896 1750 3951 modoet
1760 3897 1914 3964 quantitate

1122 3967 1287 4029 substantia,
1301 3968 1372 4023 sicut
1384 3969 1513 4037 scriptum
1527 3974 1585 4028 est,
1602 3965 1666 4031 tut,
1680 3974 1758 4037 prout
1772 3967 1852 4036 fuerit
1867 3966 1914 4021 titt

1122 4037 1277 4099 mistautia,
1292 4036 1330 4093 sic
1345 4054 1378 4093 ee
1391 4037 1438 4092 illa
1453 4039 1495 4108 fac
1511 4038 1708 4108 eleemosynam.
1725 4034 1757 4091 Si
1771 4034 1819 4089 tibi
1832 4037 1914 4107 [ιιινιι

1121 4109 1236 4173 copiosa,
1251 4106 1308 4172 atas
1323 4120 1356 4162 ea
1367 4108 1416 4163 illa
1428 4108 1471 4175 [aa
1480 4114 1500 4172 ,·‘
1514 4108 1555 4161 sin
1569 4118 1654 4162 susem
1665 4108 1759 4179 empus
1778 4105 1914 4176 dolueris,

1121 4188 1168 4232 ιιι
1188 4196 1219 4232 ra
1235 4181 1330 4247 eaipua
1351 4194 1409 4232 cunt
1428 4177 1584 4249 pauperibus
1602 4178 1763 4231 caramanico
1779 4174 1859 4240 (Tei.
1876 4193 1915 4240 tv,

1122 4197 1204 4313 djg).
1224 4246 1252 4303 Si
1267 4247 1421 4303 attendatur
1439 4250 1505 4316 legis
1518 4247 1667 4317 aequalitas,
1687 4252 1776 4301 cessat
1794 4246 1915 4299 bominis

1123 4318 1262 4373 tenacitas.
1278 4316 1306 4369 ln
1321 4333 1403 4387 opere
1416 4317 1535 4374 eleemos
1555 4331 1648 4371 uarum
1662 4316 1734 4370 noba
1748 4322 1792 4370 est
1805 4315 1913 4370 discre-

1123 4388 1161 4455 tio
1174 4402 1360 4458 personarum.
1377 4385 1506 4457 Pauperis
1521 4333 1591 4441 stitus
1605 4386 1690 4441 viduae
1705 4386 1760 4440 duo
1773 4383 1915 4509 (praeiren-

1124 4467 1164 4511 tcs
1185 4468 1380 4527 precesserunt
1400 4456 1512 4511 divitum
1527 4470 1637 4525 magnas
1650 4470 1759 4526 agapas.
1801 4454 1836 4508 lla
1852 4470 1914 4525 qum

1123 4528 1236 4582 alioruin
1256 4526 1438 4582 misericordia
1457 4530 1672 4591 sustentabatur,
1696 4524 1913 4583 nriseticurdiattt

1084 4588 1292 4668 Dopctabatur‚
1317 4603 1345 4651 et
1366 4597 1437 4668 quod
1458 4594 1554 4652 silleri
1577 4595 1729 4667 oportebat,
1754 4594 1812 4664 ipsa
1825 4598 1914 4664 magis

1125 4666 1178 4721 boc
1192 4665 1315 4721 itciebat.
1340 4663 1373 4721 Et
1390 4683 1450 4723 corn
1471 4668 1559 4721 attritis
1572 4667 1721 4721 substantia
1735 4663 1790 4719 duo
1805 4665 1912 4720 uumuti

1122 4746 1210 4804 eraut,
1233 4752 1286 4791 tion
1310 4753 1392 4791 ιιιιιιιιι
1413 4736 1495 4791 dabat
1518 4747 1545 4792 et
1569 4734 1747 4791 alterumsibi
1761 4734 1913 4798 servabat;

1121 4807 1170 4862 sel
1194 4815 1280 4861 toturn
1300 4805 1371 4875 qnod
1395 4802 1551 4876 possidebat
1571 4806 1597 4860 in
1619 4805 1690 4860 dona
1705 4803 1751 4858 liei
1771 4804 1911 4859 mittebat.

1120 4870 1183 4932 ttae
1197 4883 1239 4932 est
1252 4891 1312 4946 quar
1324 4877 1358 4931 de
1369 4877 1487 4933 crudus
1500 4892 1554 4931 nou
1569 4876 1714 4944 cogitabat.
1730 4872 1763 4928 Ει
1779 4888 1839 4934 vos,
1857 4874 1914 4928 ira·

1119 4955 1183 5012 tres,
1198 4945 1339 5016 accepistis
1352 4961 1421 5017 opus
1434 4946 1519 5003 vidue
1532 4947 1598 5000 tattti
1612 4946 1721 5014 operis;
1744 4943 1767 4998 si
1781 4958 1836 4998 non
1898 4971 1915 4984 ·

1119 5016 1194 5073 testis
1215 5017 1280 5071 dare
1302 5024 1400 5097 totum,
1421 5017 1455 5070 de
1469 5024 1527 5071 toto
1541 5018 1604 5070 date
1624 5015 1665 5068 rel
1681 5012 1827 5069 modicam.
1851 4958 1915 5068 ιῗὲι

1116 5087 1212 5142 scitote
1233 5100 1361 5154 quomam
1382 5086 1426 5159 qui
1438 5087 1549 5139 sentiunt
1567 5101 1654 5157 parre,
1676 5099 1754 5155 parce
1765 5091 1791 5137 et
1810 5091 1914 5138 metet.-

1115 5158 1158 5228 ιιι
1178 5167 1262 5210 autem
1284 5157 1396 5210 tetuinus
1414 5156 1442 5210 in
1466 5154 1651 5221 interdictione,
1678 5153 1710 5207 de
1729 5150 1914 5207 dettedietiane

1115 5226 1192 5280 tuetel
1204 5226 1283 5280 vitant
1295 5239 1421 5280 aeternam
1433 5222 1478 5295 (lt
1492 5223 1554 5282 Cor.
1570 5241 1608 5288 tr,
1623 5224 1678 5294 lli).

1402 5351 1520 5409 senno
1539 5351 1617 5408 titt.

1219 5446 1258 5501 De
1276 5446 1384 5501 nutiiere
1397 5461 1455 5514 aaa
1466 5453 1522 5499 erat
1536 5446 1563 5499 itt
1581 5445 1654 5515 paxu
1667 5444 1804 5515 stupuistis

1152 5559 1322 5617 dilectissimi
1343 5558 1449 5624 iratres,
1468 5558 1564 5613 melius
1579 5557 1744 5613 advertimus
1758 5553 1914 5629 cretenau,

1116 5631 1187 5701 quoi
1202 5631 1272 5686 bene
1293 5629 1436 5685 didicimus
1453 5627 1579 5698 legendo,
1604 5630 1668 5699 quia
1690 5627 1764 5683 solos
1786 5624 1915 5689 Christus

1117 5700 1271 5763 bominibus
1294 5699 1415 5754 adlubuit
1437 5698 1609 5761 medicinam.
1634 5697 1687 5754 cui<
1703 5705 1731 5753 ct
1744 5707 1916 5767 potestatem

1117 5770 1191 5826 dedit
1206 5769 1332 5838 ruajestas
1346 5770 1446 5824 divina.
1462 5768 1520 5825 Non
1534 5769 1605 5824 enirn
1621 5766 1847 5829 nieditattiiuibos
1861 5791 1916 5829 cu.

1119 5850 1159 5895 rat
1174 5849 1200 5896 et
1220 5838 1303 5906 terro,
1324 5839 1372 5894 sed
1388 5838 1532 5896 virtutibus
1546 5846 1622 5896 sanat
1636 5847 1663 5893 et
1677 5845 1771 5898 verbu.
1789 5843 1915 5914 Denique
