4106 6330
141 283 180 340 co
588 288 617 345 s.
637 284 841 347 trscnumu
862 289 941 347 um
961 287 1119 347 iucrune
1138 274 1318 354 crumenae.⁸
1379 370 1383 377 ⁶
1744 302 1797 361 ar·

141 403 190 460 hat
202 402 237 459 de
251 400 368 465 lumine,
383 404 478 460 oculos
489 403 552 463 acet
567 407 681 476 aperuit,
697 414 726 461 ut
739 408 857 463 exterius
872 424 933 477 per·
947 407 970 467 tt
985 406 1096 462 verbera
1111 409 1302 480 sequebantur,
1331 410 1368 467 ita
1382 418 1412 468 ut
1425 411 1503 470 multi
1523 414 1647 474 catholici
1662 431 1712 490 per
1722 417 1779 477 lm·
1823 398 1828 407 ¹

140 495 220 552 deret
239 494 408 561 cecitatem,
428 502 455 550 et
473 494 587 551 interius
607 508 765 566 agnosceret
783 499 935 553 ueritatem.
988 500 1134 555 reticorum
1154 501 1309 556 violentiam
1333 511 1362 558 et
1383 503 1493 562 insidias
1513 506 1541 563 iu
1562 506 1679 565 Schalde
1699 508 1781 567 liuviu

140 585 276 643 Claudum
289 585 372 641 ctiam
386 600 401 640 a
416 586 555 643 nativitate
567 596 676 644 sanctus
690 597 703 626 t
718 589 809 645 virtuti
821 591 938 646 restituit
989 599 1160 646 necarentur.
1175 590 1285 646 llecimo
1298 592 1430 662 siquidem
1442 596 1621 655 ordinationis
1631 614 1687 654 suae
1697 614 1779 662 atino.

140 683 330 752 progressiva.
987 681 1147 754 presidente
1161 697 1231 752 papa
1245 682 1409 751 Anastasio,
1424 685 1438 725 b
1453 686 1561 744 Gelasio
1571 686 1628 758 iam
1642 689 1778 758 deiunctn,

176 770 223 826 is.
245 770 361 829 Peritius
374 771 483 842 quidam
499 774 627 840 nomine,
643 774 717 844 lepra
732 789 893 847 percussus,
909 783 937 829 et
987 771 1110 844 dyscolos
1124 773 1231 829 reduxit
1243 773 1277 829 ad
1297 773 1389 841 fideus,
1406 785 1433 832 et
1449 777 1604 837 incredulos
1618 780 1652 836 ad
1666 782 1782 837 catholi-

139 863 219 919 relut
236 864 425 921 abominabilis
438 865 472 920 ab
485 865 611 922 omuib'us
629 874 669 921 εει
687 874 868 937 contemptus.
888 865 936 923 llic
986 877 1045 918 cam
1062 864 1190 919 ultionem
1207 881 1214 917 ι
1229 866 1333 934 etquis
1353 864 1509 940 frequenter
1522 872 1639 942 erumpit
1656 872 1683 927 in
1703 870 1781 941 regu-

138 954 249 1023 iacebat
262 954 297 1011 ad
308 955 418 1025 ianuam
429 956 560 1025 ecclesia,
570 972 631 1029 quse
645 964 710 1014 tune
723 958 850 1027 temporis
864 956 937 1013 dicc—
987 955 1041 1010 lum
1052 956 1124 1027 quud
1138 956 1270 1013 occultius
1289 965 1330 1014 cst
1343 958 1494 1027 contorum,
1517 964 1721 1032 quartodecimo
1739 966 1781 1021 sui

139 1044 223 1100 batur
237 1042 378 1115 llantilia,
393 1044 552 1116 praestolans
575 1046 689 1102 electum
703 1045 750 1101 liei
770 1045 934 1116 pontificem,
988 1047 1147 1116 praesulatus
1173 1063 1245 1103 amm
1263 1046 1357 1104 videns
1379 1048 1516 1119 ripercam
1534 1054 1657 1109 sobuictn
1686 1056 1781 1111 matris

139 1143 171 1191 ut
182 1136 216 1192 ab
228 1144 469 1193 eosacrameutum
479 1135 689 1206 regenerationis
699 1137 843 1208 acciperet,
855 1151 936 1206 quern
986 1137 1112 1195 Ecclesiae
1131 1140 1232 1195 viscera
1254 1141 1437 1208 dividentem,
1458 1152 1486 1199 ct
1503 1151 1598 1201 contra
1612 1146 1780 1203 divinitatem

140 1234 350 1298 exspectaverat
371 1243 421 1301 per
437 1227 496 1284 dies
514 1227 622 1284 circiter
637 1226 823 1298 quadraginta.
849 1228 936 1295 Quem
986 1231 1115 1301 unigeniti
1137 1231 1197 1286 Filii
1218 1231 1265 1286 liei
1282 1243 1293 1270 ⁶
1309 1232 1434 1289 toxicatis
1455 1235 1551 1304 linguis
1574 1239 1780 1295 inverecundius

140 1327 252 1375 sanetus
272 1317 423 1388 aspiciens,
444 1325 473 1373 ct
492 1318 660 1388 compatiens
677 1318 846 1387 regeneravit
865 1316 936 1373 unda
986 1321 1184 1390 oblatrantem,
1206 1320 1365 1393 llomceiam
1385 1325 1569 1395 presidentem
1589 1328 1780 1400 Symmachum

138 1408 322 1479 baptismatis,
337 1415 365 1463 et
378 1407 453 1464 carni
467 1408 581 1464 contulit
594 1407 754 1465 benellcium
769 1408 879 1477 integrae
892 1422 936 1463 sa-
986 1413 1062 1481 adiit,
1090 1428 1232 1472 sermones
1244 1415 1391 1472 catholicos
1409 1416 1495 1472 eidem
1510 1417 1620 1486 obtulit,
1640 1432 1668 1475 et
1686 1436 1780 1477 susce-

139 1499 246 1555 nitatis.
261 1497 313 1567 Qui
328 1499 413 1569 gratia
427 1499 576 1556 sanctitatis
589 1499 728 1572 effulgens,
740 1515 755 1555 a
766 1500 796 1554 B.
808 1499 936 1556 bledardo
985 1515 1046 1575 ptus
1060 1506 1094 1560 ab
1112 1506 1210 1563 eodem
1229 1507 1392 1577 honorilice,
1409 1525 1543 1573 reversus.
1553 1512 1585 1566 ad
1600 1513 1699 1568 natalia
1714 1529 1780 1570 con·
1798 1566 1805 1583 ,

139 1589 315 1660 postmodum
329 1590 430 1661 primus
440 1588 523 1647 abbas
536 1590 674 1647 institutus
687 1599 729 1647 cst
740 1591 865 1647 ciuitatis.
881 1588 937 1645 btt-
986 1594 1053 1653 ludit
1067 1597 1208 1654 haereticos
1222 1606 1249 1654 et
1259 1601 1404 1670 convertit.

137 1679 304 1736 tundebatur
317 1694 382 1750 ergo
395 1681 481 1749 magis
494 1690 523 1736 et
544 1682 629 1750 magis
651 1681 719 1739 odor
737 1680 800 1736 boni
818 1681 936 1739 nuttrinis
1021 1684 1065 1742 2l.
1084 1686 1114 1742 in
1132 1686 1227 1744 diebus
1241 1697 1330 1744 auteur
1352 1689 1405 1745 illis
1428 1690 1540 1745 invaluit
1553 1688 1567 1728 l
1581 1689 1779 1760 acephalorum

136 1768 200 1839 ejus
214 1769 248 1825 ad
262 1769 345 1825 tilam
358 1770 477 1841 gentium
492 1789 499 1826 τ
515 1771 561 1827 lttx
573 1771 703 1828 claritatis
714 1772 797 1844 ipsius
810 1770 937 1828 Ecclesloe
952 1773 974 1835 B
987 1778 1115 1835 haeresis:
1129 1779 1272 1835 revertitur
1285 1779 1406 1849 pontilex
1420 1778 1518 1837 Christi
1534 1780 1658 1845 Romani,
1670 1790 1698 1836 ct
1707 1796 1795 1841 arturo.

136 1859 265 1932 replebat
277 1859 505 1931 hemisphaerium.
986 1863 1144 1941 presulatus
1157 1870 1198 1927 sui
1214 1880 1225 1908 ⁸
1240 1871 1369 1929 vicesimo
1383 1872 1488 1943 quinto,
1507 1872 1615 1930 mortuo
1627 1872 1684 1944 jam
1697 1874 1778 1944 Sym-

166 1954 221 2010 .l9.
243 1952 327 2024 Cujus
345 1952 416 2010 lama
438 1956 567 2027 compulit
587 1954 751 2015 ludovicum
774 1972 885 2028 regeur,
905 1966 935 2015 ut
986 1961 1083 2017 macho
1106 1963 1207 2033 reperit
1223 1961 1233 2001 t
1249 1963 1438 2033 praesulantem
1458 1964 1626 2021 iiormisdam
1644 1981 1706 2022 cum
1724 1982 1778 2036 qrro

137 2046 257 2102 intraret
266 2043 387 2116 praesulis
396 2044 541 2101 civitatem.
553 2045 614 2118 lpse
624 2048 706 2104 etiam
717 2056 759 2105 est
769 2048 935 2108 Francorum
986 2069 1069 2124 super
1081 2053 1207 2111 Ecclesia
1221 2071 1276 2112 sue
1290 2057 1405 2125 negotiis
1425 2057 1540 2126 benigue
1562 2056 1698 2123 contulit,
1718 2065 1746 2113 et
1762 2073 1779 2114 a

136 2151 189 2192 rex
201 2134 355 2192 lucdovicus
369 2137 500 2209 primusa
521 2137 551 2193 B.
567 2138 689 2210 Remigio
703 2142 863 2213 baptizatus.
880 2142 936 2200 lle·
987 2160 1055 2219 papa
1065 2147 1191 2218 reliquias
1202 2148 1381 2215 venerabiles,
1390 2148 1481 2206 llariac
1490 2150 1593 2207 scilicet
1603 2149 1777 2223 AEgyptiacte,

137 2226 260 2284 lectabat
269 2243 332 2283 eum
341 2227 499 2285 mirabiliter
508 2229 600 2287 audire
611 2232 800 2303 praedicantem
811 2233 935 2290 Electbe-
987 2254 1048 2295 cum
1062 2239 1093 2295 B.
1108 2240 1238 2310 Stephani
1253 2243 1457 2313 protomartyris
1470 2244 1596 2308 humero,
1612 2244 1673 2314 pios
1686 2253 1779 2315 pastor

136 2315 223 2384 rium,
253 2324 280 2371 et
298 2320 455 2375 memoriter
468 2320 602 2377 retinebat
622 2337 775 2380 sermonem
798 2324 935 2398 sapientia
987 2330 1147 2400 impetrans,
1162 2331 1212 2388 bas
1225 2331 1259 2387 ad
1274 2332 1370 2387 natalia
1385 2332 1553 2403 deportarit,
1567 2332 1670 2389 etdum
1685 2349 1779 2389 rever·

136 2405 198 2462 sals
208 2405 357 2462 conditum.
373 2406 423 2465 ilic
436 2418 574 2480 peccatum
588 2420 650 2484 post
661 2413 797 2471 lavacrum
809 2415 935 2486 baptismi
987 2429 1111 2485 teretur,
1130 2422 1284 2479 occurrenti
1302 2422 1352 2477 sart
1370 2421 1534 2479 'lomacensi
1547 2422 1620 2481 clero
1637 2423 1781 2493 etpopulo

135 2495 316 2552 commiserat
336 2496 409 2566 qnod
433 2499 556 2569 conliteri
581 2503 744 2559 verecundia
762 2506 933 2575 prohibebat.
987 2526 1047 2567 curn
1058 2512 1148 2568 debita
1161 2513 1344 2577 veneratione,
1356 2521 1475 2568 montem
1485 2511 1513 2568 S.
1526 2512 1648 2578 Andreoe,
1659 2513 1705 2582 qrri
1715 2521 1779 2568 tuuc

136 2586 221 2654 Quod
244 2596 354 2644 sanctus
380 2589 474 2646 videus
498 2590 524 2646 in
547 2591 644 2663 spiritu
665 2595 723 2663 regi
745 2594 849 2656 detulit.
877 2596 935 2654 ilex
986 2601 1126 2659 dicebatur
1142 2616 1221 2658 mons
1236 2602 1366 2658 Thesauri
1380 2603 1550 2669 absconditi,
1570 2602 1667 2672 legitur
1685 2617 1778 2659 ascetr-

134 2677 245 2751 pudore
259 2678 375 2737 suliusus
389 2689 417 2737 et
428 2681 569 2755 lacrymis,
592 2683 664 2744 illico
678 2691 782 2741 reatum
796 2688 933 2758 cognovit,
986 2694 1071 2761 disse;
1086 2704 1186 2750 etcum
1200 2702 1356 2750 reverenter
1365 2694 1520 2751 ostenderet
1534 2694 1662 2764 reliquias
1670 2694 1777 2765 populis

135 2780 168 2827 et
182 2770 331 2827 obsecrans
347 2787 395 2828 rex
415 2782 445 2828 ut
468 2775 539 2831 inter
562 2776 649 2833 missa
670 2777 799 2859 solemnia
823 2787 932 2836 sauctus
986 2785 1032 2856 qui
1046 2784 1158 2841 aderaut
1176 2784 1325 2849 universis,
1344 2783 1519 2841 circumfulsit
1542 2798 1589 2841 eas
1610 2784 1778 2840 immensitas

132 2862 199 2933 ejus
217 2861 298 2919 deret
315 2864 480 2939 advocatus,
500 2883 550 2939 pro
564 2869 622 2940 ipso
640 2870 746 2926 veniam
768 2871 931 2942 impetravit,
987 2876 1134 2951 claritatis:
1147 2883 1174 2932 et
1185 2876 1368 2932 laborantibus
1377 2877 1404 2930 lu
1415 2873 1491 2930 turba
1501 2874 1604 2931 duabus
1620 2874 1777 2930 mulieribus

134 2954 210 3011 siem
227 2955 269 3010 rei
291 2956 414 3025 probavit
435 2967 556 3014 eventus.
580 2957 647 3015 iiam
670 2975 750 3017 mane
771 2956 934 3019 consecrans
987 2952 1143 3038 etquatuor
1159 2968 1224 3024 viris
1237 2968 1401 3038 egritudine
1416 2982 1476 3039 quae
1489 2967 1569 3035 vrtlgo
1583 2965 1682 3022 dicitur
1701 2981 1777 3021 sacer
1812 2960 1816 2968 ’

133 3045 275 3103 Dominici
289 3046 410 3116 eorporis
421 3053 449 3102 ct
460 3046 598 3117 sanguinis
607 3059 815 3121 sacramentum,
828 3051 895 3123 lucis
907 3054 934 3108 in
987 3062 1065 3132 ignis,
1076 3069 1140 3116 ante
1149 3061 1220 3116 viros
1227 3060 1318 3132 posuit
1331 3058 1537 3131 protomartyris
1550 3058 1703 3118 bulherum.
1715 3063 1777 3112 anto

133 3135 255 3193 ecclesia
268 3135 377 3192 claritas
391 3134 465 3192 iulsit
479 3138 622 3209 pecunius
640 3139 714 3195 horae
731 3141 867 3211 spatium,
887 3142 933 3199 ubi
948 3149 971 3212 C
986 3152 1111 3208 muheres
1125 3167 1189 3208 vero
1203 3159 1284 3223 capti
1298 3149 1463 3221 AEgypiiacc
1477 3147 1634 3218 8¹⁰ll⁰⁸⁰⁰l

132 3242 189 3299 per
200 3227 382 3283 ministerium
395 3228 545 3298 angelicum
558 3237 666 3286 sanctus
679 3232 783 3303 accepit
796 3234 935 3304 qualitatis

130 3319 225 3390 cnlpae
238 3319 382 3383 notitiam,
397 3329 425 3376 et
438 3328 568 3392 guantum
580 3321 614 3378 ad
628 3324 752 3391 veniam,
766 3325 934 3383 certitudinis

132 3419 340 3481 argumentum.
360 3408 529 3470 cessimus
550 3425 616 3484 ΜΟ
628 3429 677 3470 m
691 3429 740 3486 pe,
752 3415 881 3487 smmum
899 3418 934 3474 ab
984 3390 1015 3440 ct
1028 3382 1149 3440 excitans
1159 3389 1269 3437 sanctus
1280 3378 1370 3450 populi
1383 3373 1578 3432 multitudinem
1589 3373 1622 3429 ad
1634 3371 1776 3437 oramlum,

132 3500 237 3571 angelo
250 3500 397 3556 musinium
418 3508 473 3556 sam
486 3500 521 3558 de
532 3502 611 3574 cuypp
624 3517 705 3573 quam
719 3504 754 3560 (pe
766 3505 861 3572 my„
877 3507 933 3562 000
984 3464 1776 3575 sanctosobsecrat,utsuccurrant,protestatuscumiducis,

129 3595 240 3665 gratias
263 3606 347 3663 agens
364 3601 393 3648 gy
410 3592 444 3649 sd
462 3593 571 3666 proprj,
590 3608 737 3662 remeans·
768 3604 862 3651 sancto
885 3595 932 3651 pei
985 3582 1039 3622 nun
1049 3573 1213 3622 cessaturam
1227 3564 1261 3619 ah
1275 3570 1398 3616 oratione
1412 3557 1621 3621 multitudinem,
1632 3556 1719 3612 donce
1729 3572 1776 3611 cu·

129 3685 383 3755 wnyuggygmugyo
397 3686 481 3741 muyy,
493 3685 575 3742 (yona,
591 3684 637 3742 syc
651 3699 715 3756 “8⁰
730 3685 839 3741 yuoem,
852 3701 933 3756 ,uper
983 3657 1036 3712 rati
1064 3654 1163 3711 luerint
1189 3655 1235 3724 qui
1254 3653 1387 3709 laborant.
1410 3650 1433 3706 0
1454 3651 1521 3705 inira
1542 3649 1591 3705 viri
1613 3648 1776 3715 constantin,

128 3774 330 3832 candelabrum
343 3777 433 3848 posits
455 3775 529 3835 fulsit
546 3777 693 3846 menapis,
704 3776 749 3849 φή
763 3777 933 3848 posmodum
984 3748 1135 3821 procedens
1144 3747 1179 3803 de
1188 3745 1270 3803 corde
1279 3760 1357 3850 pum,
1369 3751 1396 3848 ct
1409 3740 1573 3847 conscicntia
1586 3738 1672 3842 bona,
1683 3747 1707 3790 et
1724 3736 1776 3791 llrlc

128 3868 379 3941 mabit-amplius
388 3870 562 3927 mularum,
573 3871 752 3927 documemys,
846 3924 848 3933 Ι
984 3856 1039 3898 nou
1050 3839 1126 3897 ttctat
1141 3839 1211 3896 Vere
1224 3853 1315 3894 omnm
1325 3834 1461 3908 possibilia
1474 3840 1537 3888 suut
1553 3829 1683 3888 credenti.
1700 3825 1776 3883 llrtdc

983 3933 1018 3990 ad
1036 3941 1119 3989 ants
1136 3932 1211 3988 vocis
1229 3927 1374 3986 clllcaciam
1397 3932 1461 3981 sunt
1482 3938 1577 3983 omues
1599 3919 1777 3979 communiter

450 4002 566 4060 mm
584 4002 629 4061 W·
918 4020 923 4027 '
985 4024 1100 4081 liberati.
1121 4020 1191 4079 Ecce
1205 4021 1267 4077 elata
1281 4024 1323 4079 est
1336 4018 1396 4074 voci
1409 4030 1464 4071 sua
1477 4022 1552 4069 tanta
1567 4010 1673 4067 virtutis
1686 4006 1777 4065 emes-

1049 3268 1208 3320 i'rutubuere
1218 3278 1315 3327 cmoes,
1329 3264 1467 3325 inertique
1478 3273 1519 3311 ora
1530 3259 1650 3311 tenebant

129 4115 163 4173 S.
185 4114 335 4171 Eleutheris·
353 4116 448 4171 itinera
467 4116 602 4183 Romana,
625 4116 738 4188 synodus
758 4115 864 4181 laabim,
885 4133 932 4189 op·
984 4117 1045 4182 cia,
1066 4112 1141 4185 quod
1154 4127 1217 4169 caro
1246 4124 1327 4180 quam
1351 4103 1483 4176 agi-itudo
1500 4107 1673 4169 corroserat,
1694 4113 1776 4168 ciram
1872 4150 1874 4155 ⁴

202 4187 316 4258 pergami
328 4186 457 4252 haeretici,
478 4186 584 4242 wisera
597 4186 637 4242 illi
651 4185 683 4240 ab
697 4186 737 4241 iris
751 4186 861 4256 intera.
983 4206 1130 4279 erysipeyag
1148 4206 1371 4273 emysuynpspmy‚
1388 4206 1430 4255 051
1443 4197 1525 4253 petam
1544 4194 1628 4264 (dictu
1643 4189 1776 4257 mirabile)

167 4297 248 4354 ¹2⁰.
267 4296 421 4368 Quoniam,
440 4306 471 4355 ui
487 4299 526 4355 ait
546 4299 690 4370 Apostolus
711 4295 810 4369 (lCor.
825 4296 931 4372 sulti),
983 4298 1111 4354 contiuuo
1125 4295 1258 4350 restituta.
1706 4374 1712 4387 ι
1752 4373 1759 4386 .

126 4392 256 4446 haereses
270 4403 331 4445 esse
346 4396 470 4461 oportet,
487 4396 517 4444 ut
532 4388 579 4459 qui
592 4403 608 4444 a
621 4387 736 4446 Domino
747 4396 810 4449 strut
824 4390 932 4460 probati
1019 4391 1029 4420 ¹
1044 4387 1088 4443 ἐξ.
1104 4386 1162 4442 iam
1174 4394 1280 4455 tempus
1289 4382 1445 4443 advenerat,
1454 4378 1509 4451 y’am
1520 4376 1676 4479 meritorum
1687 4372 1775 4477 digm-

125 4486 198 4541 liant
212 4493 244 4541 et
261 4484 416 4541 huminibus
433 4483 586 4549 manilesti,
606 4492 781 4540 surrexerunt
795 4483 821 4538 in
836 4482 932 4538 diebus
984 4488 1025 4536 tas
1041 4477 1182 4547 erigebat.
1199 4483 1229 4531 ut
1242 4485 1304 4546 post
1323 4472 1496 4543 multiplicem
1512 4483 1607 4540 pugnae
1625 4474 1774 4569 victoriam,

126 4578 184 4633 iliis
198 4577 339 4644 lraereses,
357 4576 487 4632 unitatem
500 4575 596 4632 divine
608 4575 752 4641 essentiae,
772 4576 927 4648 mysterium
983 4578 1127 4628 vocaretur
1144 4568 1221 4624 miles
1235 4567 1362 4623 emeritus
1375 4564 1408 4620 ad
1423 4576 1561 4619 coronam.
1585 4558 1631 4614 Sic
1651 4570 1721 4610 cntrn
1741 4569 1776 4610 et

125 4668 332 4724 incarnationis
344 4666 419 4735 Filii,
435 4666 634 4738 processionem
647 4665 763 4737 Spiritus
780 4665 867 4721 sarrcti
880 4664 928 4721 de·
984 4662 1051 4732 legis
1063 4661 1148 4717 civilis
1157 4659 1260 4728 justitia
1281 4656 1391 4727 ascripti
1408 4654 1507 4709 milites
1525 4654 1709 4751 sacramento,
1726 4659 1775 4714 pro

123 4767 282 4817 struentes.
307 4756 372 4816 Post
391 4758 535 4815 verborum
556 4765 647 4813 autem
662 4755 769 4826 jurgia,
784 4771 929 4828 corporeum
983 4753 1118 4828 republica
1131 4749 1246 4807 lidelitcr
1258 4748 1419 4810 militantes,
1434 4744 1499 4800 olim
1513 4740 1626 4811 expletis
1639 4749 1775 4791 armorum

193 4983 273 5039 Alias
286 4995 347 5052 cap.
363 4997 391 5036 x.
1019 4984 1031 5014 ²
1050 4973 1114 5030 ilaec
1127 4972 1155 5029 in
1173 4970 1307 5042 prioribus
1326 4967 1399 5023 Actis
1415 4958 1624 5043 releututnrad
1648 4956 1774 5029 Syrrrnra·

193 5052 399 5121 Abascanto.
981 5049 1062 5106 chum
1077 5051 1123 5100 aut
1146 5044 1206 5100 lucu
1219 5040 1255 5096 25
1273 5038 1400 5108 legendus
1420 5042 1462 5091 est
1486 5033 1521 5088 th
1548 5031 1774 5114 alru'svcanuus,

193 5122 272 5178 ¹de
303 5120 459 5193 limatensi.
981 5125 1029 5175 aut
1042 5123 1115 5172 certe
1131 5112 1203 5169 aliud
1219 5112 1270 5168 iter
1284 5109 1399 5165 instituit
1411 5120 1482 5161 auno
1501 5101 1536 5157 25
1550 5102 1736 5184 ordinaturum.

195 5164 309 5247 Gelasio
320 5190 356 5244 ts
368 5190 498 5246 Novemb.
521 5189 584 5245 anui
596 5185 649 5243 lab
658 5183 789 5243 ¹tleltrncto
802 5184 932 5245 successit
1020 5186 1029 5226 t
1042 5186 1080 5242 lta
1092 5173 1698 5261 Lura[raaaisarclriepiscopuscantuariensis,
1708 5181 1774 5237 prte-

120 5263 297 5322 Anaslasius
311 5281 318 5315 :
331 5261 381 5317 suh
395 5261 448 5316 hoc
455 5260 592 5317 convertit
600 5258 783 5313 Tarracenses
794 5273 826 5315 ac
834 5267 929 5330 postea
981 5255 1124 5314 celantibus
1146 5250 1348 5335 antecessoribus
1369 5265 1441 5331 sure,
1452 5256 1635 5330 'pmseurortes
1648 5237 1774 5325 acaedam

120 5332 247 5393 hamis
260 5331 383 5393 tocessll.
398 5339 429 5386 ut
440 5331 509 5387 Acta
522 5330 575 5386 alia
588 5312 697 5387 haberit.
982 5331 1009 5385 ln
1030 5343 1078 5382 etta
1093 5324 1208 5380 terreae
1230 5336 1390 5392 possessore
1407 5319 1505 5374 drcrtur
1523 5331 1550 5398 ιιι
1571 5313 1630 5394 Vita
1649 5302 1774 5364 bundalll

165 5418 179 5445 ⁸
200 5401 267 5470 uss
282 5401 440 5458 exitialibus.
982 5396 1116 5455 llollcnsis
1129 5393 1246 5464 episcopi
1266 5390 1336 5462 apud
1351 5389 1514 5450 seldenum,
1531 5401 1557 5439 tn
1572 5389 1642 5439 notas
1656 5376 1688 5431 ad
1705 5373 1774 5429 Ead-

161 5473 177 5513 ⁴
194 5471 304 5527 Exorta
315 5482 355 5527 est
368 5480 429 5542 post
442 5471 584 5528 aracillum
594 5467 823 5533 chalcedonense,
836 5476 928 5524 contra
982 5482 1084 5524 merum
1099 5479 1162 5536 pag.
1178 5461 1239 5527 tet,
1254 5462 1300 5517 lin.
1318 5463 1355 5546 ’1.Η
1367 5459 1435 5516 ilinc
1457 5454 1690 5535 praesultatorem
1707 5459 1773 5568 rocla

115 5544 209 5613 send
225 5541 367 5614 Eutycheti
388 5541 512 5598 larebaut
528 5558 581 5598 nou
595 5540 768 5597 admittentes
778 5538 889 5595 duamm
903 5539 929 5595 iu
983 5541 1022 5597 usi
1036 5534 1203 5617 Eucherius,
1222 5531 1293 5616 lletla
1313 5528 1516 5602 stirpescere
1531 5539 1546 5579 a
1561 5523 1656 5606 batrm
1667 5531 1774 5600 precari,

114 5620 159 5672 ιὶιι
170 5615 247 5670 rislo
261 5621 418 5667 naturarum
437 5612 646 5669 distinctionem.
672 5608 815 5681 hcephalis
832 5609 929 5678 adjun-
983 5610 1027 5669 «rui
1043 5620 1144 5676 primns
1155 5613 1214 5660 erat
1225 5602 1368 5660 Saliorum.
1391 5602 1418 5655 lu
1434 5610 1535 5654 excuso
1547 5601 1664 5668 positum
1679 5602 1774 5659 prata

116 5694 146 5741 ct
157 5700 195 5740 tts
207 5691 250 5741 est
264 5680 420 5738 Artastasius
436 5682 598 5751 imperator,
617 5682 694 5754 cujus
712 5688 835 5762 tempore
852 5678 917 5734 seda
984 5681 1094 5734 deutera.

119 5760 202 5813 tunt
213 5752 346 5818 Gelasius,
363 5752 528 5821 Anastasius,
539 5751 725 5819 Strrrruacltus,
742 5746 892 5819 Hurnrtsda.
