4106 6330
223 337 276 394 lbb
573 306 1866 384 s.rULGEnt1nsn1tseEnsts.oolsronsonotchronts.tos

226 428 1860 486 Μ

859 541 942 587 tutto
956 541 1072 587 bomne
1086 540 1230 586 mxu!

368 669 913 837 SANCTUS
961 566 1828 872 FULGENTIUS

745 927 1020 1011 RUSPENSIS
1046 927 1334 1008 EPISCOPUS.

910 1068 1170 1082 ψ

578 1324 597 1351 q
681 1166 1412 1343 bultlolubeblsatorin.

267 1453 486 1514 illustrissimo
506 1452 651 1515 ls'cclesios
663 1452 806 1531 principi
819 1454 852 1512 D.
862 1453 1203 1517 onenuontsansus
1213 1453 1417 1527 Lersensis,
1430 1454 1622 1515 hemensium
1636 1450 1870 1529 archiepiscopo

228 1568 265 1610 ac
283 1551 367 1617 duci,
385 1558 498 1612 sanctu
512 1550 592 1612 sedis
607 1550 788 1629 apostolica
803 1550 904 1631 leqoto
923 1562 1019 1630 noto,
1035 1555 1172 1633 Belqicu
1188 1555 1329 1615 secundos
1342 1555 1492 1634 pruenti,
1509 1556 1612 1636 primo
1628 1553 1772 1615 Francia
1785 1549 1871 1629 pari,

193 1708 194 1711 ,
230 1653 356 1734 capella·
367 1654 449 1734 reqis
459 1657 624 1735 prefecto,
641 1663 699 1715 stc.

269 1757 295 1818 b'
299 1763 312 1816 t
327 1757 408 1818 rotio
420 1756 637 1837 beneficiorum
653 1767 759 1835 cesset,
775 1776 909 1841 quorum
922 1756 1125 1819 nobilissimo
1138 1765 1198 1817 tua
1214 1757 1301 1836 qenti
1314 1755 1436 1819 debitor
1447 1775 1525 1831 sum,
1542 1777 1576 1818 ea
1590 1762 1664 1818 sunt
1684 1757 1718 1818 in
1743 1762 1783 1828 ts,
1798 1752 1872 1815 illu·

229 1863 379 1924 strissisne
399 1860 615 1942 archipraesul,
632 1875 843 1943 propterque·
856 1862 937 1924 hauc
952 1881 1079 1942 operum
1093 1864 1196 1925 sancti
1211 1864 1238 1924 F
1243 1864 1373 1942 ulqentii
1387 1882 1500 1926 nouam
1515 1863 1681 1925 editionem
1694 1859 1753 1923 tibi
1770 1855 1873 1921 dicari

231 1962 388 2039 oportuit.
401 1961 481 2024 Nom
495 1979 564 2022 cuns
582 1960 733 2023 doctrina
747 1971 928 2022 sanctorum
946 1963 1079 2024 Petrum
1101 1964 1254 2023 uniuersos
1270 1973 1298 2023 te
1318 1965 1473 2041 santarem
1497 1964 1644 2024 erinium
1663 1960 1763 2022 adhuc
1788 1958 1875 2020 eschi-

228 2059 340 2137 huisti‚
359 2070 422 2123 tuns
440 2062 613 2153 praesertim
627 2082 730 2125 eorum
749 2063 878 2142 scriptis
892 2063 1055 2142 indulqere
1076 2066 1192 2127 studio
1205 2077 1277 2142 tuo,
1298 2067 1538 2147 patrocinioque
1552 2065 1638 2127 uisus
1652 2083 1693 2132 es.
1717 2047 1875 2143 inquibus

230 2172 357 2225 exstant
374 2164 550 2244 disciplina
561 2167 674 2226 ueteris
689 2177 904 2228 monumenta.
917 2167 1016 2247 quue
1028 2166 1103 2228 adeo
1115 2184 1178 2228 non
1196 2185 1331 2247 usurpas
1349 2170 1396 2231 uel
1411 2168 1572 2247 captandae
1583 2164 1810 2234 oblectationis,
1829 2162 1876 2225 uel

230 2265 335 2327 inanis
360 2263 504 2343 qloriolos
523 2266 716 2346 aucupanda
739 2267 858 2340 studio,
877 2278 911 2328 ut
929 2286 967 2329 eu
982 2289 1016 2331 eo
1040 2271 1182 2332 maximos
1196 2269 1351 2333 utilitates
1381 2270 1416 2331 iu
1433 2269 1642 2333 Christianam
1657 2264 1877 2346 rempublicam

229 2364 451 2428 redundarint.
471 2368 996 2445 Namecemolotuoetsacrarum
1013 2373 1369 2435 Litterarumamotores
1397 2371 1579 2434 cacitaoisti
1600 2370 1642 2433 ad
1666 2368 1879 2432 ecclesiastico
1954 2400 1959 2417 ·
2028 2372 2029 2421 l

231 2463 431 2544 antiquitatis
454 2468 631 2528 memoriam
658 2468 869 2546 uestiqonelaen
896 2472 1062 2547 attentius,
1088 2482 1114 2533 et
1139 2483 1281 2552 pastores
1306 2474 1480 2535 animorum
1503 2470 1664 2534 induxisti
1678 2469 1718 2531 od
1733 2469 1880 2550 priorum

231 2564 384 2627 Ecclesia
395 2565 580 2646 sucularum
598 2568 836 2630 eonsuetudines
853 2570 1009 2633 curiosius
1022 2571 1243 2635 observandas.
1258 2572 1365 2655 Neque
1384 2574 1465 2636 enim
1478 2576 1554 2634 satis
1570 2571 1745 2654 episcopali
1756 2569 1880 2632 muneri

231 2672 339 2753 secisse
352 2660 527 2732 arbitratus
542 2692 583 2745 es,
602 2691 659 2766 nec
671 2659 844 2753 prouincia
859 2684 919 2738 tuoe
941 2678 1030 2755 uicis,
1044 2680 1156 2759 papis,
1175 2676 1319 2755 urbibus,
1336 2679 1414 2741 locis
1432 2677 1574 2741 amnibus
1589 2677 1681 2739 toties
1698 2675 1880 2757 perlustra-

234 2772 288 2842 tis,
311 2782 338 2833 et
363 2773 545 2853 pastoribus
561 2775 728 2856 ovibusque
742 2777 783 2839 ad
798 2780 989 2860 exsequenda
1013 2781 1074 2841 rite
1097 2781 1283 2845 Christiana
1304 2781 1437 2861 pictatis
1452 2763 1558 2862 officia
1580 2798 1641 2861 qua
1660 2776 1879 2841 commonendo

232 2873 384 2945 suaviter,
398 2891 460 2954 qua
475 2876 663 2938 uehementer
679 2877 874 2941 exhortando
891 2881 1082 2961 compulsis:
1097 2902 1152 2947 nec
1170 2884 1318 2946 instituto
1333 2882 1536 2964 apudllemos
1550 2883 1736 2945 clericorum
1748 2880 1881 2941 semina·

233 2975 299 3051 rio,
314 2992 392 3055 quos
404 2975 502 3037 oleres
519 2977 556 3038 dc
572 2986 627 3039 tuo
641 2977 808 3042 maalmam
820 2990 961 3061 partem,
977 2993 1005 3044 et
1023 2983 1064 3045 ad
1085 2984 1131 3045 rei
1147 3003 1244 3047 sacra
1270 2985 1477 3046 ministerium
1495 3002 1552 3065 per
1566 2985 1653 3045 oiros
1674 2980 1803 3044 idoneos
1818 2999 1882 3043 cu·

220 3092 322 3138 ¹rores
338 3076 530 3157 informari,·
547 3097 602 3140 nec
619 3098 781 3142 sacrorum
796 3082 907 3144 aedium
922 3087 1142 3159 exornatione,
1160 3086 1340 3164 relectione,
1354 3094 1518 3146 structura
1533 3105 1552 3152 ιν
1562 3102 1619 3147 nec
1632 3082 1791 3145 sublevata
1801 3099 1881 3161 pas·

235 3181 294 3241 sim
317 3181 510 3260 familiarum
533 3185 686 3262 eqentium
711 3183 911 3255 calamitate:
942 3205 997 3248 nec
1021 3187 1176 3250 subversis
1193 3187 1412 3249 hereticorum
1434 3186 1658 3250 Sedansusium
1684 3183 1821 3257 scholis,
1841 3189 1880 3244 'et

236 3281 460 3359 snoqistrorum
483 3283 518 3344 iu
536 3286 579 3346 cis
596 3285 774 3348 docentium
792 3289 893 3368 reqali
913 3289 1093 3369 stipendio,
1122 3291 1158 3354 de
1185 3292 1285 3371 ipsius
1306 3293 1389 3371 reqis
1415 3272 1627 3362 concessione,
1646 3290 1689 3360 ‚in
1716 3274 1882 3351 doctorum

237 3384 464 3448 catholicorum
475 3388 622 3451 alimenta
638 3410 807 3464 consrerso‚·
824 3411 880 3454 nec
894 3392 1023 3474 denique
1038 3394 1140 3456 omnib
1143 3413 1181 3455 us
1197 3394 1310 3474 officiis
1322 3391 1597 3474 archiopiscopatu
1613 3408 1694 3453 cura
1704 3388 1882 3470 plenissimo

237 3483 470 3579 delunqendis:
485 3489 549 3550 nisi
563 3499 647 3550 tuam
660 3509 721 3571 pro
742 3493 901 3554 commisso
923 3510 1013 3572 qreqe
1037 3493 1281 3555 sollicitudinem
1304 3495 1420 3571 faceres
1438 3490 1664 3605 quodammado
1686 3497 1880 3571 perpetuam,

237 3599 265 3650 et
287 3590 328 3649 ad
344 3598 414 3651 tuos
427 3588 618 3654 successores
631 3594 814 3657 imitandam
833 3596 1074 3668 transmitteres,
1103 3594 1269 3673 descriptis
1282 3603 1308 3654 et
1323 3594 1491 3674 compactis
1506 3592 1540 3653 in
1554 3608 1662 3650 unum
1666 3605 1793 3667 corpus,
1814 3605 1882 3667 ques

237 3690 431 3755 hemensium
445 3694 568 3757 diaecesi
579 3713 618 3756 ec
634 3695 781 3757 instituto
795 3697 934 3776 opprime
944 3696 968 3758 C
971 3695 1022 3756 hs
1012 3697 1129 3758 estiuuo
1148 3694 1288 3776 reqenda
1302 3711 1441 3756 necessor
1444 3695 1473 3754 ia
1485 3690 1652 3774 judicasti.
1662 3689 1744 3753 Nam
1757 3695 1881 3759 catera,

239 3809 307 3872 quse
322 3794 356 3856 in
372 3794 440 3856 luce
455 3796 553 3857 totius
566 3813 656 3875 reque
651 3782 810 3876 quotidie
826 3799 960 3876 suscipis
986 3795 1073 3876 apud
1094 3814 1193 3875 reqem
1212 3795 1526 3869 christianissimum,
1547 3809 1603 3875 per
1623 3810 1688 3851 earn
1700 3807 1762 3870 qua
1782 3785 1882 3867 polles

238 3911 455 3976 usquequaque
467 3897 594 3975 qratia:
616 3896 873 3976 apudhominum
886 3897 1083 3958 eruditorum
1098 3905 1281 3971 conuentus,
1305 3913 1383 3977 quos
1406 3895 1574 3974 sepissime
1595 3874 1772 3957 conuocass
1798 3883 1883 3966 apud

238 3992 316 4058 oleri
330 3993 487 4058 Gallicani
502 3997 628 4059 comitio
641 4014 701 4076 pro
716 3996 896 4060 diuinarum
909 4015 1015 4059 rerum
1030 3998 1143 4058 tuenda
1158 3997 1338 4078 majestate,
1355 4013 1415 4077 pro
1430 3993 1604 4059 asserendis
1618 3991 1765 4054 Ecclesia
1777 3986 1883 4051 Galli-

238 4111 324 4158 oona
333 4095 484 4175 juribus,
501 4114 560 4175 pro
577 4096 729 4161 doctrina
751 4099 894 4178 purioris
915 4097 1104 4180 defensione,
1127 4100 1205 4179 qnid
1230 4100 1343 4161 attinet
1361 4113 1613 4168 commemorare,
1642 4111 1711 4156 cum
1725 4092 1760 4153 in
1777 4089 1880 4155 oculis

240 4196 378 4257 omnium
394 4209 555 4259 uersentur
569 4200 585 4259 t
609 4199 721 4280 ltaque
736 4199 810 4262 dum
827 4201 1060 4262 illustrissimus
1080 4200 1258 4263 Galliarum
1282 4200 1489 4262 cancellarius
1511 4216 1624 4278 parens
1637 4206 1709 4258 tuus
1725 4198 1759 4257 in
1775 4193 1883 4255 mode·

239 4297 350 4359 randis
368 4316 427 4379 per
443 4302 621 4361 uniuersum
643 4319 771 4379 reqnum
779 4301 931 4381 judiciis,
943 4302 1087 4382 principi
1101 4321 1137 4364 oc
1149 4301 1272 4364 ciuibus
1288 4285 1378 4384 fidem
1391 4299 1546 4381 approbat
1563 4318 1662 4370 suom,
1678 4312 1770 4378 quom
1784 4294 1882 4357 uariis

240 4398 443 4482 maximisque
452 4400 642 4481 publicarei
656 4404 837 4465 ministeriis
851 4411 917 4466 toto
938 4405 1009 4465 sita
1026 4404 1160 4466 decursu
1174 4404 1344 4466 exercitam
1358 4403 1469 4466 retinet
1483 4402 1650 4463 etiamnum
1662 4399 1775 4489 plenus
1785 4395 1883 4456 animi

239 4497 449 4580 roborisque
438 4518 471 4561 sn
486 4509 682 4562 senectute
656 4521 793 4571 summa:
816 4502 890 4564 dum
913 4503 1145 4564 illustrissimus
1172 4504 1308 4567 sitarchia
1324 4506 1424 4584 frater
1440 4511 1513 4564 tuus
1535 4500 1607 4566 belli
1618 4498 1766 4581 pacisque
1768 4498 1883 4561 admi-

238 4600 414 4662 nistrandis
428 4601 715 4681 rebuspcternum
703 4620 737 4664 sn
750 4604 926 4682 principem
940 4602 1118 4683 obsequium
1130 4605 1316 4679 amulatur
1341 4612 1377 4665 tn
1389 4619 1553 4666 sacrorum
1567 4598 1766 4665 continendis
1780 4600 1882 4660 ratio·

239 4700 332 4769 nibus
345 4701 506 4779 inqiqilos.
521 4722 557 4763 ac
570 4702 766 4780 potissimum
779 4703 1092 4766 institutisEcclesioe
1102 4703 1142 4764 ad
1157 4705 1293 4784 antiqua
1304 4703 1431 4784 pietatis
1448 4699 1588 4781 exemplo
1602 4698 1798 4761 reuocandis.
1811 4680 1882 4758 Hoc

239 4807 351 4885 nqebos
365 4822 467 4883 nuper
481 4803 514 4863 in
527 4802 692 4873 Gallicana
708 4803 926 4882 episcoporum
942 4805 1184 4867 concentuolter
1196 4825 1308 4885 pruses
1323 4804 1603 4879 constitutus,oum
1613 4802 1755 4883 politica
1768 4808 1883 4862 aucto·

239 4909 436 4988 ritotisjura
449 4905 489 4967 ad
504 4903 716 4967 ecclesiastica
727 4905 894 4983 potestatis
909 4916 1061 4968 momenta
1072 4926 1105 4969 eo
1122 4913 1358 4985 temperamento
1377 4901 1532 4983 diriqebus
1545 4902 1745 4982 optabasquc.
1760 4908 1807 4968 ut,
1822 4899 1884 4959 ad·

240 5007 348 5089 bibitis
366 5007 576 5079 cautionibus,
591 5025 668 5087 quas
683 5025 752 5067 cuns
765 5025 885 5067 summa
899 5006 1024 5083 dicendi
1037 5011 1192 5087 qraoitate
1206 5005 1367 5088 offerebas,
1385 5019 1497 5069 neutra
1512 5006 1680 5087 quidquam
1693 5003 1789 5066 alteri
1813 5004 1883 5082 alh·

241 5127 320 5184 aere,
342 5109 435 5172 ornbu
452 5118 559 5169 mutuo
570 5118 695 5189 possent
710 5107 860 5188 adjutore
872 5109 1136 5188 quamplurimum
1152 5132 1162 5172 :
1178 5110 1212 5171 iu
1227 5127 1320 5189 eoque
1337 5118 1367 5171 et
1379 5110 1440 5188 filii
1454 5108 1621 5170 reserantis
1634 5108 1669 5167 in
1681 5106 1781 5166 sedem
1792 5122 1883 5184 pon·
1902 5148 1906 5187 ,

244 5211 383 5289 lipsiam,
411 5216 438 5269 et
456 5206 576 5270 subditi
594 5207 786 5289 obsequentis
804 5208 836 5268 iu
850 5225 950 5286 reqesn
971 5210 1107 5269 animum
1128 5210 1318 5288 prestitisti.
1345 5209 1431 5271 Faue
1454 5209 1568 5288 iqitur,
1593 5207 1758 5270 illustriss.
1775 5205 1884 5268 orchi-

241 5311 488 5392 praesentatore·
504 5318 627 5387 nostro,
652 5322 682 5373 ct
694 5311 755 5372 hoc
770 5328 863 5390 opera
880 5312 981 5371 sancti
995 5310 1155 5391 Fulqentii
1178 5311 1336 5372 emendata
1353 5330 1458 5373 recens
1486 5318 1577 5391 atque
1602 5311 1636 5371 in
1662 5310 1760 5372 lucem
1780 5307 1881 5369 denuo

244 5412 433 5491 prodeuntia
447 5410 581 5472 nominis
596 5411 644 5471 tui
657 5411 838 5489 patrocinio
855 5419 951 5483 tuere,
967 5409 1026 5471 hoc
1041 5421 1097 5485 est,
1113 5429 1212 5472 assere
1227 5413 1274 5474 tui
1286 5411 1514 5493 suffraqatione
1522 5409 1657 5490 judicii,
1672 5410 1737 5489 ejus
1754 5407 1883 5469 dactri-

245 5535 317 5577 nom
337 5515 486 5594 episcopi,
503 5514 592 5592 cujus
607 5514 816 5592 apostolicum
832 5514 970 5577 studium
986 5512 1154 5593 reliqionis
1171 5513 1335 5594 auqenda,
1353 5511 1522 5591 firmanda,
1538 5510 1725 5591 recolendo,
1749 5507 1882 5589 aqenos,

246 5616 464 5696 sentiendoque
481 5617 601 5678 imitari
614 5615 786 5678 contendis.

1104 5712 1175 5775 Tibi
1193 5713 1423 5776 addictissimus
1436 5719 1462 5770 et
1478 5709 1782 5788 obsequentissimus,

1252 5815 1455 5878 Gosscncnus
1473 5814 1625 5874 lte-enez.
