4064 6344
250 394 300 459 toi

773 395 801 451 s.
822 392 1003 451 sucosam
1022 392 1172 449 sorssors
1191 354 1376 449 auscensis

250 522 332 577 tendo
346 503 403 591 ipse
417 535 494 575 suurn
506 516 608 589 punivit
621 506 783 575 adnuissum3
798 509 868 565 alter
890 522 955 563 vero
974 522 1041 562 cerr·
1055 513 1081 572 A
1093 521 1180 571 casse,
1194 505 1275 577 600
1288 519 1369 575 quarn
1389 502 1434 557 ille
1447 501 1493 571 qui
1507 499 1609 557 occidit
1622 497 1757 555 Christum
1770 515 1779 553 ι
1794 506 1883 555 tameo

250 613 394 668 lessiouetu
404 610 511 680 quidem
527 603 680 677 pcccatisui
692 602 777 658 verbo
791 599 912 670 protulit,
927 598 975 655 sed
1000 596 1040 652 al-

239 700 349 757 rectum
364 699 492 771 peccandi
504 694 623 768 perversi
638 692 727 749 cordis
736 689 958 747 obstrictusvitio
985 704 1040 744 non

250 794 358 862 abjecit.

485 902 567 985 30)
584 897 699 954 CAPUT
718 896 788 952 xit.

285 1018 359 1072 Tunc
374 1031 440 1085 crgo
455 1014 566 1085 prodest
578 1012 683 1084 pcccati
697 1009 843 1072 eorvlessio,
863 1008 887 1063 si
902 1006 1042 1066 conlessvts

249 1115 379 1179 peccator
391 1104 462 1177 quod
477 1103 547 1159 male
560 1103 669 1165 fecerat,
688 1100 759 1156 ultra
773 1115 828 1155 nou
842 1097 931 1165 iaciat,
951 1106 979 1153 et
993 1097 1042 1152 bo·

250 1214 346 1253 norunt
357 1196 446 1253 studio
456 1210 568 1267 operum
580 1193 777 1265 praeteritorum
791 1191 932 1247 criminum
945 1190 1042 1245 merite

249 1305 377 1360 superare
391 1288 537 1347 contendat
551 1305 558 1353 ;
581 1296 610 1341 ut
629 1284 778 1341 secundom
790 1282 913 1361 Apostoli
927 1281 1039 1344 dictum,

249 1381 295 1436 ubi
309 1379 455 1435 abundavit
468 1386 619 1449 peccatum,
636 1374 835 1445 superabundet
849 1373 935 1445 pratia
950 1371 1040 1443 (Rom.

248 1488 277 1536 v,
290 1470 347 1539 21).
369 1466 493 1525 Nonnulli
516 1473 647 1537 prectcrea
670 1464 797 1519 virtutem
817 1463 982 1534 poenitomhc
995 1477 1042 1516 ne·

249 1564 378 1624 scientes,
388 1576 442 1614 non
457 1558 491 1613 ad
504 1556 557 1612 hoc
570 1548 754 1627 peonitentiam
768 1562 874 1622 gerent,
890 1560 920 1607 ot
929 1566 1041 1622 sperau-

250 1667 293 1711 tes
313 1668 392 1723 opem
414 1650 510 1706 divinae
535 1646 729 1704 misericordiae
753 1652 963 1711 convertantur3
988 1643 1042 1698 imo

231 1836 379 1903 ,missione
392 1833 548 1902 desperant.
567 1820 640 1884 Ta'tis
655 1827 704 1882 luit
722 1826 878 1897 penitentia
897 1823 972 1880 indae
985 1831 1041 1880 tra·

250 1927 346 1983 diteris
360 1923 468 1996 (llutth.
481 1937 563 1984 xrvvr,
578 1919 617 1991 5),
632 1933 692 1989 quae
705 1918 845 1988 penitenti
860 1932 914 1972 non
929 1915 1042 1986 acquisi-

250 2017 289 2073 vit
312 2015 442 2078 salutem,
466 2011 513 2068 sed
534 2009 687 2080 procuravit
711 2007 864 2077 desperanti
883 2005 1040 2076 perniciem.

250 2104 372 2173 lienique
397 2099 531 2155 deteriore
562 2097 735 2167 semetipsum
765 2095 871 2150 vinculo
895 2093 1042 2163 iniquitatis

241 2192 478 2275 ‘obstrinxitrum
493 2205 522 2244 se
537 2188 635 2244 oceidit
646 2195 800 2257 nocentem,
815 2200 894 2256 qnam
910 2193 967 2239 tum
981 2199 1042 2239 eum

252 2285 387 2345 Christum
399 2280 508 2338 tradidit
520 2281 701 2337 innocentem.
718 2275 859 2332 Peccatum
873 2277 945 2332 enim
958 2275 1042 2331 tradi·

252 2377 333 2437 tionis
342 2374 445 2430 Christi
461 2379 567 2443 poterat
577 2369 660 2433 ledae,
676 2369 698 2424 si
718 2371 813 2424 vivens
825 2375 1039 2433 converteretur,

251 2467 369 2533 dimitti3
394 2465 495 2521 occisio
516 2477 581 2518 vero
594 2476 641 2516 sua
664 2459 817 2517 nullatenus
837 2457 1043 2519 relaxaturfex·

252 2559 362 2614 stincto.
382 2555 447 2611 Post
461 2552 632 2608 traditionem
646 2551 726 2619 igitur
738 2547 838 2605 Christi
854 2549 947 2604 habuit
957 2548 1042 2606 tradi-

234 2676 238 2681 =
252 2661 298 2707 tor
311 2657 418 2718 tempus
431 2661 485 2716 quo
500 2660 549 2717 per
563 2638 638 2703 illum
651 2642 809 2712 sanguinem
828 2637 876 2710 qui
885 2639 986 2696 edesus
999 2647 1041 2696 est

255 2751 281 2801 ιἰι
306 2740 493 2801 remissionem
516 2744 708 2808 peccatorum,
733 2735 817 2806 ipsius
840 2747 949 2805 qnoque
968 2731 1043 2789 toda

254 2833 340 2906 possit
354 2816 455 2887 remitti
468 2838 610 2901 peecatum
623 2848 629 2882 :
642 2828 770 2905 qqoniam
783 2825 918 2892 Christus,
930 2826 977 2897 qui
992 2842 1042 2897 pro

254 2925 343 2995 impiis
356 2930 479 2977 mortuus
492 2928 543 2984 est,
555 2936 609 2976 nou
624 2919 784 2987 denegasset
797 2933 847 2975 suo
860 2917 983 2973 traditori
997 2931 1043 2973 re-

253 3012 389 3069 missionis
412 3007 584 3074 beneheiem,
607 3008 631 3064 si
655 3022 709 3063 non
733 3006 779 3061 ille
799 3004 854 3063 sibi
875 3004 1044 3075 desperando

254 3100 385 3159 adimeret
408 3106 512 3169 tempus
526 3097 677 3152 remissioni
698 3110 867 3155 concessum..
895 3095 953 3151 llon
979 3108 1043 3164 ergo

255 3199 329 3247 recte
343 3189 529 3261 penitentiam
552 3188 645 3259 gessit,
670 3201 720 3243 nee
737 3185 842 3256 justum
867 3182 1001 3242 vindicem
1013 3200 1043 3243 se

259 3283 298 3343 sul
310 3280 419 3341 sceleris
433 3278 551 3354 pertulit.
571 3278 653 3334 Auxit
665 3278 775 3349 quiippe,
790 3292 843 3331 non
856 3276 965 3335 abstulit
977 3293 1043 3349 sup·

257 3372 367 3449 plicium
382 3369 471 3428 meriti
485 3369 604 3424 criminis
617 3365 658 3424 sui
671 3366 744 3423 ultor
764 3365 888 3437 injustus,
908 3366 955 3439 qui
969 3369 1042 3427 ocei-

255 3462 309 3520 sori
323 3476 373 3518 suo
382 3469 489 3530 tempus
503 3457 686 3515 conversionis
701 3457 801 3513 ademit
814 3458 927 3514 occisus.
948 3456 986 3513 dc
994 3472 1044 3528 per

255 3556 308 3610 hoc
320 3554 382 3624 quia
395 3548 494 3624 ipsese
508 3550 614 3617 occidit,
627 3550 684 3622 ipse
696 3550 747 3605 sibi
760 3550 853 3619 utique
863 3558 967 3621 tempus
978 3564 1044 3605 oon-

255 3645 387 3701 versionis
409 3658 438 3698 se
449 3641 596 3700 occidendo
608 3640 751 3696 subtraxit.
771 3638 937 3695 Miserrimus
950 3636 1041 3701 ludas,

256 3736 301 3806 qui
317 3751 377 3792 cem
392 3734 462 3790 male
472 3734 574 3789 crimen
588 3732 741 3788 traditionis
760 3730 908 3797 admiserit,
925 3731 1001 3800 pejus
1016 3730 1045 3786 il·

255 3828 308 3882 lius
321 3826 440 3883 criminis
453 3824 646 3895 penitudinem
666 3823 760 3893 gessit,
783 3823 845 3895 qtiia
869 3823 976 3893 penitus
998 3821 1041 3876 io-

255 3918 420 3985 dulgentiam
433 3932 488 3971 non
508 3915 632 3985 quaesivit
651 3933 658 3969 :
675 3930 707 3971 ac
721 3914 761 3970 sic
783 3915 828 3970 illa
848 3915 937 3983 gravis
959 3913 1044 3984 culpae

178 4074 180 4077 v
257 4008 415 4078 poenitentia
437 4007 557 4063 deterior
577 4008 745 4062 estimenta
768 4021 847 4077 qoam
862 4007 952 4077 culpa.
977 4005 1044 4061 lllud

232 4116 243 4131 ·
255 4099 357 4155 etenim
371 4099 511 4154 dominice
530 4096 682 4152 traditionis
693 4092 834 4168 peccatum
846 4097 941 4153 habuit
953 4104 1044 4168 poste·

256 4191 313 4245 rins
327 4199 431 4260 tempus
445 4205 498 4259 quo
512 4189 598 4259 possit
611 4187 702 4254 ablui;
730 4187 803 4242 illum
816 4187 970 4258 veropunit
981 4202 1044 4242 seo-

256 4279 351 4346 tentia,
365 4293 426 4349 quae
440 4294 493 4333 rron
507 4277 710 4334 conversionem
725 4270 828 4343 babuit,
852 4276 900 4333 sed
913 4277 1043 4347 despera·

258 4374 368 4433 tionem.
391 4371 455 4427 ldeo
469 4370 642 4442 poenitentem
654 4385 707 4424 non
722 4368 833 4439 adjuvit,
848 4368 895 4424 sed
908 4367 1041 4439 peremit:

209 4512 213 4519 .
254 4463 319 4530 qtda
332 4462 383 4516 sibi
405 4461 590 4538 conversionis
605 4467 710 4529 tempus
723 4460 858 4519 occisione
872 4457 991 4523 abstulit,
1016 4466 1045 4512 ct

1093 598 1197 655 occisor
1205 594 1348 664 Christi,si
1362 600 1533 650 convcrtmur
1543 591 1570 646 in
1582 589 1707 662 presenti
1720 589 1783 655 vita,
1795 588 1883 645 salra-

1092 689 1184 753 hitur;
1204 687 1250 742 ille
1264 693 1354 741 autem
1366 698 1416 755 pro
1429 671 1463 739 eo
1476 681 1552 752 quod¹
1563 681 1590 735 iu
1604 679 1731 751 presenti
1752 679 1808 734 rita
1828 695 1885 734 nou

1092 776 1269 842 convertitur,
1293 781 1357 845 post
1371 761 1450 842 hujus
1465 772 1525 827 vite
1545 770 1629 826 linem
1644 769 1787 825 tormentis
1800 768 1884 841 depu-

1093 868 1193 923 tabitur
1212 881 1270 938 qim
1294 880 1349 921 nou
1362 864 1462 919 habeut
1481 860 1573 916 linem.
1589 861 1647 917 lloc
1666 869 1757 915 autern
1771 859 1810 926 lit,
1828 876 1882 915 noo

1092 957 1155 1029 quia
1169 957 1220 1012 iste
1231 956 1292 1027 plus
1304 955 1427 1025 peccavit
1436 968 1516 1024 quam
1527 952 1572 1006 ille
1582 951 1679 1022 impius
1690 950 1736 1020 qui
1746 948 1883 1006 Christum

1092 1048 1200 1114 occidit,
1222 1046 1269 1102 sed
1291 1047 1352 1103 ideo
1376 1045 1422 1100 ille
1442 1051 1622 1111 consequetur
1639 1043 1721 1096 vitam
1741 1036 1882 1107 eternam,

1092 1142 1156 1210 qula
1168 1138 1392 1209 omnipotentiam
1408 1136 1474 1193 hooi
1482 1135 1584 1192 'medici
1596 1147 1801 1203 recognoscens,
1817 1146 1884 1188 cou-

1092 1244 1160 1301 gruo
1175 1240 1299 1301 tempore
1317 1229 1352 1285 ad
1364 1226 1514 1285 remedium
1535 1227 1659 1282 sanitatis
1682 1214 1811 1290 advenit3
1837 1223 1884 1278 ille

1093 1333 1183 1381 autem
1202 1331 1344 1394 propterea
1356 1328 1444 1378 morte
1467 1319 1664 1377 condemnatur
1685 1326 1796 1381 aeterna,
1819 1315 1884 1385 qnia

1092 1418 1240 1488 desperans
1253 1412 1489 1471 benevolentiam:
1514 1420 1595 1481 atque
1609 1410 1647 1464 ita
1669 1423 1730 1464 cum
1744 1406 1803 1476 cios
1816 1420 1884 1475 pec·

1092 1517 1182 1564 catum
1197 1512 1381 1576 comparatum
1406 1501 1535 1557 occisioni
1548 1498 1648 1555 Christi
1667 1498 1751 1553 levius
1777 1496 1881 1551 crimen

1092 1598 1291 1672 pronuntietur,
1318 1598 1376 1666 ipse
1390 1602 1480 1651 tamen
1495 1590 1631 1647 incudem
1645 1588 1747 1645 leviore
1767 1585 1891 1661 crimine»

249 1742 407 1816 pernitendo
420 1741 538 1797 deterius
549 1746 676 1808 peccant,
688 1751 748 1792 cum
764 1736 798 1793 de
811 1743 982 1805 peccatorum
997 1718 1041 1789 re·
1092 1691 1178 1796 mulf‘)
1201 1689 1319 1793 deoefm
1343 1686 1498 1743 menium
1518 1684 1587 1787 Ψ
1609 1682 1671 1737 ’Μ
1685 1695 1739 1785 ΜΨ
1753 1678 1884 1781 ⁰⁰⁰¹¹¹⁰f¹f

985 1806 988 1811 ’
1092 1783 1242 1850 Christum,
1264 1798 1292 1836 ιιι
1312 1794 1346 1836 eo
1362 1775 1589 1834 tamen-deterius
1609 1781 1733 1844 peccarit
1754 1785 1836 1840 quam
1859 1785 1884 1827 st

1057 1874 1230 1959 BChristum
1252 1870 1406 1934 occidisset,
1432 1867 1459 1923 in
1473 1880 1528 1935 quo
1551 1872 1656 1933 tempus
1679 1860 1797 1930 neglexit
1815 1873 1883 1913 con·

1093 1985 1188 2042 gruum
1208 1965 1281 2039 quod
1300 1973 1343 2022 est
1365 1946 1515 2041 remissioni
1528 1964 1700 2029 peccatorum
1720 1952 1810 2008 divina
1824 1949 1884 2005 lou·

1093 2061 1250 2132 ganimitate
1263 2070 1431 2114 concessum.
1445 2051 1484 2107 lta
1498 2048 1669 2120 cognoscitur
1679 2060 1731 2102 nec
1744 2042 1884 2099 remissio·

1093 2164 1155 2206 nem
1170 2156 1343 2221 pcccatorum
1356 2143 1424 2208 dari,
1439 2143 1462 2197 si
1474 2136 1632 2211 poenitentia
1653 2135 1680 2190 iu
1692 2135 1747 2190 hoc
1760 2141 1883 2202 tempore

1093 2256 1148 2297 oon
1168 2247 1284 2308 agatur,
1299 2251 1351 2292 nee
1365 2236 1392 2290 iu
1405 2235 1458 2290 hoe
1473 2240 1594 2302 tempore
1613 2224 1801 2300 penitentiam
1821 2237 1883 2293 pru·

1092 2330 1182 2399 desse,
1193 2329 1215 2385 si
1228 2334 1400 2399 peccatorum
1421 2320 1544 2379 remissio
1558 2319 1734 2389 desperatur:
1750 2315 1777 2373 io
1792 2313 1883 2370 loturo

1092 2420 1269 2478 vero-nullam
1289 2417 1367 2473 malis
1379 2402 1585 2471 eonversionem
1600 2408 1725 2473 luteram,
1745 2414 1774 2461 et
1788 2405 1883 2459 talium

1093 2513 1279 2588 poeniteutiam
1303 2509 1459 2567 continuam
1482 2505 1556 2568 lore,
1581 2501 1636 2571 sed·
1655 2513 1777 2555 vacuam.
1809 2494 1884 2551 Sient

1093 2606 1168 2662 enim
1181 2605 1221 2660 eis
1235 2616 1372 2671 nunquam
1386 2597 1509 2655 remissio
1522 2594 1638 2656 dabitur,
1653 2590 1693 2645 sic
1706 2603 1802 2644 eorum
1814 2600 1883 2641 ouu-

1093 2710 1174 2767 quam
1184 2693 1340 2766 peonitentia
1355 2689 1471 2749 linietur.
1491 2667 1633 2756 Negliqon‘t
1646 2681 1718 2737 enim
1738 2687 1842 2747 tempus
1856 2675 1883 2731 in

1094 2803 1148 2859 qno
1161 2784 1319 2857 poerdtentia
1334 2779 1476 2837 salubriter
1499 2793 1515 2832 a
1534 2774 1719 2848 peecatoribus
1732 2769 1829 2838 agitor,
1853 2774 1882 2821 ct

1094 2879 1122 2934 in
1136 2892 1190 2947 quo
1203 2883 1375 2947 pcccatorum
1387 2870 1571 2927 remissionem
1585 2866 1672 2938 pietas
1695 2861 1784 2918 (lirina
1798 2858 1882 2927 largi·

1093 2976 1148 3025 tur.
1157 2967 1271 3038 Propter
1277 2963 1348 3030 ouod
1355 2971 1383 3020 et
1390 2963 1447 3034 ipse
1454 2960 1581 3016 Dominus
1590 2957 1616 3012 iu
1628 2951 1786 3025 Apocalypsi
1800 2947 1884 3003 loan-

1094 3061 1136 3116 nis
1150 3057 1242 3115 lldeles
1262 3072 1328 3114 suos
1351 3054 1505 3116 consolaus,
1530 3059 1558 3127 et
1577 3047 1672 3116 iniquis
1686 3058 1796 3115 poeoarn
1811 3040 1882 3094 lutu-

1095 3167 1132 3206 re
1154 3149 1302 3221 punitionis
1323 3148 1476 3208 inteutans,
1498 3143 1536 3198 ita
1562 3139 1680 3209 loquitur
1701 3133 1776 3199 :Qui
1797 3139 1893 3201 aocet„

1056 3248 1185 3313 coerect
1208 3239 1316 3303 adhue,-
1350 3235 1441 3308 etqui
1466 3233 1494 3287 iu
1520 3229 1638 3286 serdibus
1664 3236 1721 3287 eat,
1750 3221 1885 3278 sordescet
1924 3220 1928 3227 '

1096 3331 1199 3384 adhuc:
1215 3330 1303 3401 jactas
1325 3334 1410 3380 astera
1433 3324 1516 3378 aditur
1535 3320 1647 3392 justiora
1667 3318 1761 3389 lecim,
1782 3322 1809 3368 et
1827 3329 1886 3367 aaa·

1094 3429 1149 3474 ctus
1172 3418 1313 3473 teneriore.
1342 3414 1410 3470 Ecce
1433 3413 1506 3469 rotie
1528 3396 1638 3477 cito,'et
1658 3421 1756 3463 mercer
1765 3418 1886 3461 meam·

1094 3527 1151 3567 cam
1164 3518 1221 3583 ert,
1232 3508 1339 3564 reddere
1352 3506 1489 3577 unicuique
1510 3501 1649 3559 secuudum
1657 3502 1737 3571 'sorta
1750 3513 1808 3550 aare
1827 3493 1886 3565 Epa

1092 3618 1150 3658 ram
1163 3600 1242 3670 alpha
1255 3606 1280 3654 et
1293 3614 1392 3669 omequ,
1406 3597 1504 3668 primur
1520 3605 1546 3648 et
1564 3591 1728 3654 neuimintat,
1741 3587 1848 3643 luitbtus
1861 3592 1888 3638 et

1093 3695 1164 3766 finit.
1185 3692 1259 3747 Beati
1272 3693 1315 3764 qui
1334 3692 1450 3745 laverant
1472 3687 1554 3743 rtolaa
1576 3699 1646 3749 ιιιιιε,
1669 3692 1699 3737 ut
1720 3682 1886 3751 aitpotestar

1094 3803 1181 3844 eorem
1194 3787 1223 3840 in
1236 3770 1306 3857 lipno
1321 3785 1389 3847 rite,
1400 3790 1425 3836 et
1436 3797 1481 3853 per
1494 3788 1584 3850 portat
1596 3778 1694 3833 inurent
1707 3774 1736 3831 ia
1754 3773 1887 3826 cidnum

1093 3885 1231 3931 scurram:
1246 3874 1311 3945 [orit
1321 3880 1405 3927 auteur
1416 3868 1583 3925 remanetur
1592 3882 1681 3939 canu,
1691 3863 1819 3934 multem,
1831 3864 1888 3934 ior·

1093 3965 1239 4029 obediet
1252 3962 1398 4027 numerere,
1411 3956 1681 4020 etacroleatesidolir,
1699 3963 1724 4008 et
1743 3951 1888 4023 omoiaqtri
1964 4018 1968 4029 Ι

1094 4066 1165 4110 amat
1175 4064 1200 4109 et
1209 4055 1272 4125 facit
1284 4051 1445 4109 mendacitor
1457 4050 1548 4122 (dpoc.
1561 4062 1627 4113 asu,
1639 4045 1669 4099 ll
1684 4053 1708 4100 et
1717 4041 1796 4115 req).
1804 4040 1897 4111 Quis,

1094 4159 1169 4215 rogo,
1186 4153 1241 4199 tam
1252 4143 1326 4200 duro
1337 4141 1422 4212 possit
1436 4138 1548 4198 cervicis
1561 4151 1635 4202 esse,
1652 4142 1699 4190 aut
1712 4132 1773 4203 quia
1789 4132 1885 4186 ita-in·

1094 4236 1266 4293 circumcisus
1287 4234 1370 4290 eorde
1384 4230 1535 4303 reperiatur
1547 4236 1575 4283 et
1588 4226 1708 4293 auribus,
1733 4223 1779 4296 qui
1791 4221 1888 4277 verbis

1093 4325 1152 4381 istis
1166 4339 1219 4380 noo
1234 4331 1377 4390 terreatur,
1389 4336 1443 4376 uon
1457 4326 1660 4390 prosternatur,
1670 4329 1727 4371 neu
1738 4319 1889 4368 converta-

1094 4416 1158 4471 tur?
1182 4413 1247 4481 des
1267 4427 1321 4468 nou
1339 4411 1425 4465 lieet?
1448 4408 1514 4476 Quis
1536 4422 1591 4463 noo
1613 4404 1714 4481 intimis
1736 4401 1892 4458 visceribus

1094 4505 1284 4561 intremiscat?
1303 4502 1370 4570 Quis
1383 4517 1437 4557 nou
1452 4502 1553 4555 timore
1563 4498 1634 4553 illios
1645 4495 1710 4565 iusti
1731 4491 1827 4563 iudicii
1853 4491 1890 4549 ed

256 4552 446 4622 indulgentiam
457 4550 646 4621 desperatione
658 4550 799 4605 subtraxit.
1211 4597 1217 4611 ,
1756 4585 1763 4598 .
1794 4585 1800 4597 .

1058 4610 1300 4682 Deouversronem
1314 4593 1487 4650 tremefactus
1502 4597 1637 4657 accurrat,
1650 4597 1681 4643 ut
1696 4598 1891 4642 mmtsstorrem

532 4661 658 4719 ‘CAPUT
673 4661 753 4719 m·
1096 4697 1273 4759 peccatorum
1284 4695 1313 4742 et
1334 4685 1447 4755 gratiam
1470 4689 1608 4754 perpetuae
1629 4680 1724 4736 salutis
1743 4676 1892 4732 iuveniat?

291 4774 405 4830 Tantum
420 4774 500 4841 igiter
514 4771 585 4827 valet
594 4772 782 4843 opportunitas
802 4771 923 4826 concessi
939 4778 1044 4841 tempo·
1095 4780 1143 4837 vae
1157 4781 1195 4837 ini
1208 4781 1254 4851 qni
1270 4786 1333 4835 ante
1344 4787 1450 4847 tempus
1463 4775 1601 4831 novissimi
1615 4771 1756 4828 ventilabri
1769 4786 1828 4826 non
1846 4769 1891 4824 le·
1918 4832 1922 4836 ,

218 4908 221 4917 .
255 4863 542 4932 risadindulqentiam
556 4859 871 4932 peccatorumilltcum
884 4860 1043 4930 moturu-
1096 4872 1236 4929 srinaverh
1250 4886 1285 4926 ex
1298 4869 1376 4940 palea
1391 4867 1508 4923 enricum
1523 4865 1599 4922 deri!
1617 4863 1663 4920 Vm
1683 4862 1721 4917 illi
1734 4861 1791 4930 qui,
1805 4867 1891 4916 aute-

206 4954 211 4963 *
254 4953 314 5007 vius
323 4951 358 5006 sit
367 4950 503 5006 Christum
514 4949 652 5005 tradidisse
662 4963 742 5018 qoam
752 4947 898 5018 quemlibet
907 4948 1043 5019 bominem
1096 4948 1177 5032 quam
1198 4961 1310 5017 pensant
1331 4972 1465 5014 memes
1479 4954 1567 5025 angen
1581 4954 1614 5010 de
1628 4953 1717 5009 medio
1739 4950 1894 5006 humente-

256 5040 396 5105 occidisse,
420 5041 555 5095 occisores
579 5047 669 5093 tamen
682 5036 796 5100 Christi,
815 5037 1044 5107 quicunquesunt
1096 5045 1619 5107 mmcompufenqa.2t2antp0011oeruri
1634 5041 1740 5112 (Marti.
1755 5055 1813 5105 xnr,
1828 5038 1892 5110 59),

256 5134 283 5187 5¹¹
307 5131 433 5201 dimili
452 5131 508 5184 vita
529 5136 586 5185 ¹⁰²⁰
598 5127 681 5184 ⁰⁰¹d⁶
702 5126 837 5191 ⁰⁰¹¹l⁰f⁵b
859 5127 1043 5184 fflfflifflffleffl
1095 5159 1150 5200 uon
1160 5142 1295 5200 curaverit
1307 5156 1341 5197 ex
1354 5138 1464 5194 sicardis
1484 5137 1658 5193 inhumecta
1671 5129 1814 5188 converti!
1832 5129 1893 5186 Ne·

170 5220 174 5233 '
255 5229 428 5293 peecatorum
443 5221 527 5290 ipsius
545 5217 645 5274 Christi
657 5225 720 5272 sunt
739 5218 869 5286 sangnine
884 5219 1041 5284 consecuti3
1095 5250 1148 5306 que
1161 5235 1232 5290 euim
1248 5233 1346 5289 ,15quae
1359 5232 1505 5302 smmum
1516 5228 1631 5297 benigna
1645 5224 1727 5281 depes
1745 5222 1896 5279 coemi

254 5312 375 5383 quisquis
389 5320 492 5377 anteon
505 5325 560 5365 rvon
573 5308 634 5364 dico
646 5309 790 5365 hereticus
803 5323 850 5365 seu
865 5322 995 5379 paganos,
1009 5311 1043 5366 de
1094 5326 1216 5389 1110„qu
1225 5306 1574 5395 qqaenopqgepoererqmrpm
1580 5315 1765 5375 mentonis
1771 5313 1898 5369 alubri-

254 5402 353 5472 quibus
364 5403 436 5458 nulla
448 5409 489 5456 est
502 5399 633 5455 dubitatio
647 5398 720 5469 quod
734 5399 794 5475 igne
807 5398 952 5468 punientur
964 5408 1042 5455 aeter·
1094 5419 1266 5489 germem.
1275 5415 1477 5476 emp-pamm„
1486 5414 1553 5469 qum
1563 5409 1809 5467 rqmnm‘vqnqim
1819 5408 1897 5464 divi.

234 5510 301 5573 ,¹¹⁰2
316 5508 370 5562 quo
384 5492 463 5548 etiarn
476 5489 645 5548 Christianus
659 5488 816 5554 catholicos,
831 5489 854 5543 si
863 5488 1041 5545 homicidium
1093 5507 1324 5564 „mmm
1341 5505 1386 5561 sq„
1398 5504 1468 5562 epp„
1479 5503 1556 5560 Μ,
1569 5500 1612 5557 Ν,
1621 5499 1898 5555 memes

180 5574 201 5593 “
254 5585 387 5661 advrtittat,
404 5592 451 5638 aut
461 5582 621 5638 adulterium
630 5579 722 5647 iaciat,
732 5580 854 5635 alienave
866 5579 983 5651 diripiat,
999 5581 1042 5636 vel
1093 5601 1129 5655 ap
1143 5599 1235 5666 pem.
1252 5599 1439 5668 mmm,
1456 5598 1488 5651 pe
1506 5596 1587 5651 app„
1607 5590 1825 5658 dammam
1846 5608 1898 5646 ω.

254 5674 279 5777 si¹
289 5672 470 5775 iuramentum
485 5671 604 5743 periurio
623 5670 714 5735 violet,
733 5679 780 5725 aut
799 5668 894 5726 laisum
919 5671 1041 5726 testimo·
1093 5693 1199 5748 „qaum
1210 5709 1276 5764 em
1287 5702 1311 5748 u
1325 5693 1351 5747 m
1363 5680 1600 5762 ‘mmmm
1612 5682 1741 5754 dmm
1754 5691 1779 5738 ω
1789 5671 1898 5753 (Ec—ch..

255 5778 327 5818 nrum
342 5763 431 5817 drcere
446 5778 499 5817 non
522 5763 638 5830 dubitet,
663 5776 713 5815 nec
736 5769 797 5817 ante
819 5763 958 5830 presentis
980 5760 1042 5815 vito
1093 5799 1120 5851 v,
1137 5783 1174 5854 ὃ).

197 5922 198 5925 ¹
256 5855 336 5912 linctu
349 5862 534 5921 convertatur,
547 5870 607 5911 cum
621 5853 705 5911 multo
720 5852 807 5908 minus
829 5850 953 5908 videatur
976 5864 1041 5922 pec·
