4152 6344
806 424 970 489 terantur
988 427 1033 489 so
1051 434 1079 491 s.
1100 426 1281 492 autconda
1299 417 1423 491 ransart

1412 532 1527 599 ssdtld
1542 534 1598 598 ιἰιιι
1612 545 1628 602 ·.

1398 635 1463 691 ltsra
1488 636 1521 691 de
1545 635 1651 693 Elisus.

296 430 347 487 883

294 550 400 595 scrtrtur
417 548 499 608 tiana,
514 555 602 599 rrr‘rtnr
617 556 715 601 rnenm.
731 543 793 611 qnia
809 545 905 598 tirnens
920 543 1003 598 [lenm
1018 547 1117 607 crath

295 610 349 681 (Ν
361 608 426 682 licqr
441 627 479 679 rr,
499 613 535 679 li.
558 613 607 669 llic
626 621 747 667 mortuns
767 620 809 665 est
830 621 954 667 exstante
973 613 1074 680 debito,

293 682 365 750 quod
380 697 432 735 non
449 684 534 750 potuit
549 683 605 752 ipse
619 682 739 738 reddere.
753 680 809 749 ligo
823 682 971 763 compellor
984 683 1076 739 exsol-

293 760 366 804 tere.
387 745 486 805 Oarnes
500 752 598 807 divitia>
613 768 678 806 men
693 751 746 805 dno
760 760 823 806 sant
847 750 894 805 frlir
908 751 971 816 mei,
990 753 1078 821 genri-
1167 747 1255 803 duleis
1279 747 1397 801 insonuit
1418 746 1528 803 auribus
1547 748 1647 805 nestris
1669 748 1782 806 recitata
1797 751 1922 816 libertas.

196 840 201 845 ·
292 827 335 873 tus
348 820 447 875 uentris
461 820 522 875 meir
542 821 613 877 Nihil
636 821 707 875 aliud
733 822 896 875 feneratores
908 826 1077 890 exspectant,
1128 817 1192 872 dum
1214 818 1291 873 sctit
1312 817 1428 872 innubis
1450 832 1541 872 amara
1561 817 1713 887 captivitas.
1734 821 1876 887 Quomodo
1900 825 1923 879 si

272 1110 276 1141 ι

273 1154 277 1193 ι

292 903 372 956 quam
390 892 419 941 ut
433 890 501 944 lilios
516 906 592 946 meos
605 892 715 946 enatasti·
724 890 888 959 ingenuitate
902 901 1008 945 creatos
1021 907 1077 947 sure
1129 887 1200 942 Ῑιιῑθι
1221 901 1317 956 gram
1330 889 1429 942 Γθῑθιθδ
1443 887 1506 941 1³0¹·i
1528 886 1706 970 incendimur
1720 891 1834 974 9⁰⁰qu
1852 902 1880 948 01
1896 894 1922 949 5¹¹

293 957 393 1012 lrbrdun
408 957 506 1014 faciant
519 961 685 1029 sarbiagaroa
706 959 762 1015 Noa
788 967 927 1029 argentum
943 959 995 1015 illis
1016 958 1074 1027 leil¹
1128 956 1210 1037 deme
1221 965 1383 1037 aegrotorum
1396 955 1528 1037 adrentus
1542 956 1638 1012 ffl0d¹⁰¹
1652 968 1810 1040 ιιιιιιῑιιίΰιῑ
1826 970 1863 1043 lle
1879 980 1924 1018 re·

291 1026 363 1097 qnod
378 1027 478 1083 clarunr
494 1038 546 1092 est.
570 1031 632 1098 qnia
647 1031 696 1085 etsi
712 1039 794 1095 esset,
816 1044 868 1084 uon
891 1030 940 1084 nisi
955 1030 987 1083 ad
1002 1030 1077 1098 inge·
1128 1027 1232 1106 qureait
1245 1034 1361 1095 gemrtus
1379 1026 1614 1109 compeditorum&
1624 1042 1687 1097 quta
1702 1033 1870 1113 resurrecfro
1881 1048 1923 1087 re-

292 1096 421 1150 raritatem
437 1108 559 1153 natorurn
581 1116 701 1154 rrrcarrrm
729 1097 893 1154 feneratores
912 1097 985 1167 impii
1001 1098 1076 1155 lesti-
1128 1103 1210 1150 errata
1222 1104 1263 1149 cst
1275 1100 1454 1150 mertuorum.
1468 1093 1536 1152 llrne
1551 1095 1633 1179 llaerd
1644 1098 1923 1180 clamateoaremens

292 1174 412 1220 nossent,
432 1167 506 1237 ipsos
516 1169 609 1223 rolant
624 1169 728 1233 tollere,
742 1183 810 1237 qnos
824 1168 892 1221 Deus
906 1168 969 1222 nrilri
984 1167 1076 1236 digna-
1128 1163 1237 1219 ultionis
1251 1162 1349 1219 divinae
1360 1178 1520 1219 censuram:
1542 1164 1663 1248 Veridico,
1683 1177 1778 1237 nrqrut,
1793 1169 1920 1238 Doarirre,

291 1242 334 1289 tus
349 1243 390 1290 est
403 1236 566 1293 condonare.
588 1238 708 1306 Nunquid
719 1244 831 1307 possunt
844 1238 948 1306 pariare
958 1237 1076 1293 debitam
1127 1234 1277 1304 eatretinere
1291 1250 1419 1309 amoram
1431 1244 1531 1288 moram
1540 1250 1584 1306 ‘tul
1593 1235 1690 1304 edem
1700 1244 1739 1292 θεῖ
1749 1253 1759 1292 ι·
1769 1240 1881 1294 introcat
1893 1243 1921 1295 ia

312 1303 402 1359 atris?-
424 1306 517 1360 Nonne
532 1308 619 1362 aniana
640 1323 700 1377 quae
721 1314 826 1376 peceat,
851 1307 909 1361 sela
929 1307 1077 1375 punietur?
1127 1312 1263 1384 conspeetu
1275 1313 1316 1358 tao
1331 1306 1439 1385 qemfltf
1452 1304 1653 1387 comdedflmql
1668 1306 1863 1377 (¹'⁸·l¹¹¹l¹¹¹r
1875 1309 1919 1376 ¹⁰2

291 1319 335 1429 fre
349 1390 403 1428 aon
416 1383 511 1444 optant
523 1376 656 1439 armillam,
671 1377 719 1432 sed
733 1377 835 1431 viscera
849 1391 908 1431 mea
922 1376 972 1430 sibi
987 1376 1074 1431 vindi·
1128 1370 1184 1443 ll).
1204 1372 1253 1427 lirc
1267 1373 1427 1427 miserabrhs
1441 1380 1528 1455 mater
1542 1372 1787 1442 transmearem,
1803 1389 1920 1434 ¹¹¹⁰f¹t¹1¹

292 1446 359 1498 caat
379 1446 565 1514 araneipandas
593 1444 688 1515 thmd
713 1445 816 1515 genui?
840 1446 929 1513 utquid
954 1460 1076 1514 cuarge·
1127 1441 1272 1497 excludens
1295 1442 1345 1513 spb
1368 1442 1523 1498 testimonro
1548 1445 1680 1525 promtam
1701 1447 1770 1517 apud
1795 1446 1920 1505 Elisaeurn

293 1512 359 1568 initu
380 1515 495 1584 peperi?
519 1517 610 1586 utquid
631 1524 731 1586 apertae
744 1523 805 1569 snat
819 1523 903 1583 portat
930 1515 998 1568 uteri
1013 1516 1074 1578 mei,
1127 1517 1272 1580 exaggerat
1285 1511 1397 1580 luctum,
1421 1519 1449 1566 ει
1470 1520 1565 1582 repetrt
1579 1513 1661 1568 lrlrum
1678 1515 1736 1583 jam
1749 1514 1918 1584 defunctum,

292 1589 320 1635 ct
341 1580 421 1639 effudi
446 1585 471 1638 in
494 1584 553 1640 luce
572 1602 640 1655 qnos
664 1586 690 1639 in
714 1584 801 1638 aliona
820 1584 898 1638 rideo
922 1586 1077 1652 potestate?
1127 1592 1206 1649 quern
1220 1596 1274 1636 neu
1285 1581 1413 1663 sperabat
1431 1582 1576 1663 derepente
1595 1593 1764 1654 conceptum.
1784 1583 1852 1643 lliac
1866 1588 1919 1657 pia

292 1648 368 1721 ipsos
381 1650 529 1722 inquirunt,
545 1671 587 1710 me
601 1655 763 1725 despiciunt,
776 1652 931 1707 etindomo
944 1654 1074 1707 fenerato-
1127 1664 1237 1706 sorores
1256 1665 1364 1705 torosam
1384 1649 1546 1719 legationem
1566 1663 1705 1722 peramara
1730 1654 1852 1720 Domine,
1873 1658 1918 1712 irr-

291 1731 350 1775 rum
366 1719 413 1777 titt
428 1724 479 1779 arrei
493 1725 572 1792 quale
587 1732 713 1792 poter-ont
730 1723 831 1777 babere
849 1718 997 1777 solatium?
1018 1722 1077 1778 tun
1126 1718 1234 1787 dsslunla
1247 1718 1315 1775 Ecce
1326 1719 1460 1784 Lazarus,
1474 1729 1548 1792 duem
1568 1737 1653 1790 “metr
1667 1724 1827 1794 infirmetur·
1842 1724 1918 1783 lutet

291 1798 449 1864 aratorque
461 1792 549 1848 foreat
567 1792 724 1860 febrientes,
736 1809 789 1847 nan
804 1796 889 1846 nraicr
903 1807 963 1862 qnae
976 1806 1075 1846 conso·
1127 1800 1235 1844 sorores
1254 1796 1282 1845 el
1297 1798 1411 1845 lustrem
1427 1805 1479 1845 ⁰⁰¹¹
1494 1791 1586 1856 habes,
1602 1807 1685 1859 ¹⁰⁰³,
1709 1794 1844 1873 ιιιιθιῐιθιὶθ
1860 1805 1914 1851 ῑιιίθ

292 1859 362 1915 tetur
387 1862 555 1930 languentes.
574 1863 681 1919 Flentes
697 1862 807 1925 flebunt,
832 1870 860 1915 et
882 1878 935 1916 non
959 1861 1011 1916 erif
1030 1856 1076 1930 qul
1127 1857 1292 1914 crudelitatis
1310 1859 1422 1929 impleas
1443 1860 1617 1916 solnntatctn.
1639 1861 1775 1918 vacuatur
1795 1871 1840 1919 tua
1854 1866 1915 1921 dira

1128 1927 1246 1983 conditio
1260 1931 1316 1984 site
1327 1929 1353 1984 in
1368 1929 1447 1997 lecto,
1463 1931 1530 1995 sire,
1542 1929 1611 2001 quod
1623 1931 1709 2001 majus
1722 1942 1775 1998 εει,
1788 1932 1815 1987 in
1824 1934 1916 2005 sepul-

291 1931 456 1986 consoletrin
466 1931 555 1986 Olfem
567 1948 614 1988 eos
628 1934 679 1987 trris
693 1933 854 2001 aspectione,
869 1930 947 1985 beate
961 1932 1077 2001 propbe-
1094 1969 1193 2052 Rem·
1218 1998 1282 2068 φὴ
1305 2000 1434 2055 successit
1461 1999 1577 2054 stamma
1607 2009 1781 2071 maternaque
1801 2002 1902 2072 legatio

291 2005 339 2061 taz
360 2000 402 2057 fac
417 2002 476 2056 illos
490 2017 582 2057 ser-ros
598 2000 782 2059 Derrrino‘suo.
809 2000 836 2056 st
856 2000 1011 2055 subveneris
1026 2002 1074 2056 do·
1645 2070 1650 2083 1

291 2068 351 2124 bito
367 2085 438 2134 meo,
461 2088 514 2125 nnn
530 2088 576 2126 eos
590 2072 686 2126 tollant
700 2069 803 2140 profani
826 2068 999 2134 miseratores,
1027 2070 1074 2126 sed
1126 2064 1190 2123 Sine
1201 2082 1281 2124 causa
1305 2066 1397 2124 fudisti
1416 2084 1558 2135 terrenum,
1575 2069 1611 2124 ad
1625 2071 1735 2126 nihilum
1750 2072 1914 2143 productum

291 2138 411 2194 nutriant
421 2156 469 2195 cos
484 2142 610 2210 angelica
623 2149 779 2212 potestates.
801 2139 834 2193 lit
848 2141 997 2209 propbeta:
1021 2139 1074 2196 De·
1126 2146 1167 2191 est
1178 2152 1229 2259 per
1241 2138 1451 2212 misericerdiam
1466 2139 1651 2221 lacrymarum.
1668 2139 1788 2199 Festinas
1801 2157 1920 2217 cursare,

292 2208 359 2272 siae,
387 2210 481 2279 inquit.
506 2212 614 2279 ingerc;
635 2211 717 2265 redde
741 2209 806 2264 mibi
830 2210 863 2264 dc
883 2210 934 2263 tuis
953 2210 1075 2267 enthecis
1125 2220 1247 2262 acueram
1262 2216 1357 2263 tuum:
1382 2216 1524 2268 conterent
1545 2209 1630 2274 rllrrnn
1644 2225 1738 2266 sertus
1760 2211 1911 2280 domante,

209 2282 213 2287 ’
291 2278 434 2332 rationem.
457 2280 524 2345 Quid
549 2281 627 2334 trabes
651 2280 677 2334 in
699 2280 774 2334 donae
790 2278 884 2350 (ibid,
899 2278 950 2348 ῆι
969 2278 1001 2332 Ει
1019 2280 1074 2348 illa,
1126 2275 1255 2333 llomiuu‘s
1264 2277 1298 2333 do
1310 2293 1400 2334 cruce.
1415 2278 1515 2333 Servus
1525 2278 1693 2345 destinando,
1706 2279 1834 2336 Dominus
1843 2297 1912 2351 prae-

291 2345 382 2401 Pudor
395 2358 435 2404 est
448 2349 549 2416 dicere,
565 2351 683 2412 domine,
695 2351 765 2418 qaod
781 2349 884 2404 haheo:
901 2348 962 2404 inde
976 2350 1074 2405 misem
1125 2346 1245 2411 sciendo,
1275 2346 1376 2403 Servus
1396 2349 1562 2405 descendens
1584 2350 1618 2402 ad
1637 2349 1756 2416 domum,
1781 2349 1911 2432 [lominus

309 2418 381 2471 atior
391 2418 556 2473 violentiam.
586 2418 643 2474 Noa
659 2427 701 2474 est
724 2419 790 2473 milri
810 2420 860 2474 nisi
874 2418 1007 2474 modicum
1022 2419 1074 2475 olei
1125 2416 1234 2471 leniens
1246 2415 1278 2471 ad
1291 2418 1452 2488 sepulcrum.
1467 2417 1571 2488 Ubique
1584 2427 1713 2475 vacuatur
1723 2428 1768 2474 tua
1780 2419 1837 2474 dira
1847 2437 1911 2477 coe·

331 2502 402 2541 vase.
417 2482 450 2542 Et
465 2491 596 2559 propbeta
614 2508 621 2543 :
639 2489 742 2553 llulier,
757 2505 810 2544 non
826 2495 867 2543 est
878 2504 988 2556 parvum
1002 2490 1075 2559 quod
1125 2484 1201 2552 ditio,
1228 2487 1285 2541 sire
1300 2487 1326 2540 in
1342 2487 1421 2554 lecto,
1436 2488 1503 2557 sive,
1519 2488 1599 2570 qued·
1610 2488 1696 2570 majus
1708 2497 1760 2571 cst,
1775 2490 1804 2572 ia
1818 2492 1910 2573 sepul·

290 2552 382 2611 hahes.
405 2558 500 2614 Vincet
511 2559 634 2614 tenebras
647 2557 836 2622 feneratorum,
849 2567 876 2613 et
887 2559 972 2613 luceru
982 2559 1074 2614 eonci-
1124 2568 1181 2608 cro.
1208 2554 1260 2611 Sed
1275 2554 1368 2612 Lazari
1382 2557 1532 2613 resuscitati
1547 2558 1665 2613 lectrtrant
1687 2570 1839 2631 pertrerpau
1862 2576 1910 2615 su·

292 2623 366 2680 liubit
388 2629 553 2698 argelorum.
575 2628 612 2684 De
632 2630 693 2683 oleo
717 2628 764 2683 tibi
788 2644 895 2698 possum
921 2628 1073 2694 consulere,
1125 2640 1184 2706 urus
1198 2640 1257 2681 cnm
1273 2626 1372 2694 pietate
1390 2642 1522 2709 sororum:
1548 2627 1588 2683 hd
1609 2636 1759 2710 maternum
1775 2646 1849 2713 nunc
1863 2648 1908 2686 ve·

310 2696 352 2749 uia
368 2712 446 2751 neam
461 2698 618 2768 potestsine
630 2699 691 2754 olco
710 2698 744 2752 ad
757 2697 842 2754 Deunr
861 2697 1006 2767 pertinere.
1030 2698 1074 2754 Vi·
1125 2708 1228 2750 aramus
1248 2696 1359 2761 luerunt,
1381 2706 1409 2751 ct
1422 2697 1455 2751 ad
1476 2713 1583 2752 unicum
1606 2696 1688 2752 libum
1711 2701 1906 2756 srrsertandum.

289 2707 363 2828 dete.
388 2767 494 2830 lettres,
520 2769 563 2824 ubi
578 2769 708 2850 propbeta
727 2768 898 2837 plangentem
913 2768 1002 2835 dirigit
1015 2783 1074 2822 ma·
1125 2761 1218 2818 better
1231 2765 1276 2819 illa
1289 2780 1348 2835 quae
1359 2767 1516 2837 prophetam
1527 2768 1561 2822 de
1572 2767 1625 2822 lilio
1635 2767 1758 2824 defuncto
1770 2772 1909 2833 corn-erait,

290 2836 381 2889 trent?
403 2838 434 2889 ad
449 2838 600 2893 chrismatis
613 2839 712 2892 seilicet
729 2838 892 2901 unctionem,
917 2836 943 2890 id
964 2845 1015 2903 est,
1042 2837 1074 2893 ad
1125 2842 1187 2887 ιιιιῑθ
1203 2833 1274 2889 illum
1290 2838 1420 2903 condigna
1436 2837 1618 2906 hospitalitate
1632 2836 1690 2908 (ab,
1702 2841 1808 2919 adgnita
1823 2839 1908 2908 digni·

290 2901 387 2959 Christi
411 2907 611 2975 pinguissimam
641 2908 778 2977 pietatem.
808 2907 912 2962 Clamat
936 2905 1073 2963 loannes:
1126 2901 1193 2975 tate)
1206 2905 1333 2974 suscepit
1355 2902 1415 2960 Fuit
1437 2908 1562 2961 meritam
1582 2911 1787 2964 resurrectionis
1808 2911 1910 2978 gradus

291 2969 354 3027 Nera
374 2992 430 3029 serm
450 2993 496 3048 ego
518 2976 643 3031 Cfrrirttrs.
669 2975 806 3031 Attendite
829 2985 856 3031 et
885 2975 1076 3032 videterEcee
1124 2971 1322 3043 hospitalilalis.
1337 2971 1403 3031 Nam
1418 2990 1479 3030 eum
1493 2976 1646 3045 frequenter
1660 2978 1846 3050 (ef.,sentper)
1860 2994 1910 3049 per·

290 3041 379 3163 ξῦφιιιε
396 3043 453 3107 Dei,
467 3048 575 3117 eccequi
585 3048 651 3100 tollit
665 3046 869 3117 peccatumtmdl
883 3045 971 3129 (loon.
994 3062 1012 3105 t.
1029 3046 1073 3110 20,
1125 3055 1172 3096 eos
1195 3044 1323 3125 propbeta
1346 3044 1463 3128 haberet
1479 3055 1706 3129 excursustatque
1730 3063 1865 3116 recursus,
1882 3057 1909 3132 ei

327 3113 642 3178 ).Clamatlsaias:Ecee
654 3116 1037 3187 demiransraostcrrpseacniet‚
1051 3127 1075 3170 et
1124 3124 1259 3168 comrnunr
1282 3130 1343 3169 curu
1367 3131 1405 3171 ers
1426 3114 1520 3171 fuisset
1533 3130 1673 3172 mansione
1692 3126 1848 3187 contentus,
1869 3135 1909 3175 ers

290 3180 399 3236 soltroiit
413 3197 460 3237 aes
474 3183 541 3251 (lac.
555 3201 635 3251 xxxv,
648 3185 686 3255 9).
699 3184 803 3239 Clamat
819 3185 901 3239 llaeid
913 3186 991 3239 aratri
1003 3185 1076 3256 plaa-
1125 3181 1222 3251 hospes
1243 3184 1303 3253 pins
1316 3183 1430 3251 futurus,
1445 3194 1474 3240 ct
1492 3185 1587 3241 melior
1601 3187 1746 3243 advocatus
1760 3206 1767 3241 z
1783 3192 1909 3245 conuenit

288 3252 384 3318 genti:
405 3252 433 3307 Si
448 3257 486 3308 ais
504 3269 597 3309 carere
615 3254 742 3324 uiolentia
768 3254 959 3320 feneratorum,
982 3256 1075 3328 accipe
1124 3266 1154 3304 se
1177 3252 1367 3309 moliercorde
1389 3263 1516 3322 tractans,
1542 3270 1602 3311 curn
1616 3257 1781 3313 conscientia
1805 3260 1908 3325 rixans,

291 3319 381 3376 oleum
402 3332 534 3390 sanetum,
563 3334 593 3379 ut
613 3324 659 3381 lilii
675 3323 711 3378 tui
728 3335 815 3380 tecum
830 3325 934 3393 possint
951 3325 1108 3405 babitarec
1124 3321 1241 3375 animum
1256 3339 1316 3378 cura
1331 3324 1448 3394 bospitio
1463 3338 1626 3395 preparans«
1642 3327 1767 3382 ιιιιιιὶῑιιιιι
1787 3342 1907 3398 rogetis:

289 3386 386 3446 fratres
398 3392 422 3446 in
438 3409 520 3448 uuum
536 3393 619 3464 (Psoi.
633 3410 697 3462 can,
715 3394 754 3455 fit.
776 3393 809 3448 Et
822 3395 885 3464 qnid
899 3394 1004 3457 faciam.
1032 3395 1074 3451 irr-

289 3459 356 3529 quit,
366 3463 399 3516 dc
414 3463 520 3519 modico
534 3464 594 3519 oleo
603 3466 674 3588 quod
685 3465 814 3519 remansit
825 3465 852 3519 in
862 3464 970 3519 vasculo
981 3464 1074 3521 Eccle-

289 3529 336 3585 site
350 3535 384 3585 dc
404 3533 523 3603 utrisque
542 3549 612 3604 popu
626 3536 647 3589 is
662 3535 815 3589 venientis?
839 3534 890 3589 lsta
902 3549 1017 3605 persona
1032 3543 1074 3590 est

289 3598 437 3667 adorantis,
457 3611 484 3656 ct
499 3618 561 3658 vere
573 3605 707 3659 medicum
721 3601 811 3659 lsracli
836 3604 963 3658 remansit
982 3604 1072 3659 oleum

289 3667 317 3722 in
330 3671 437 3727 saserrlo
450 3671 570 3728 ludaico.
584 3672 642 3728 lant
658 3675 787 3744 propbeta
804 3675 925 3728 veniebat
936 3674 969 3727 ad
980 3671 1070 3742 finem,

288 3752 400 3809 sperans
425 3742 564 3796 flaminum
590 3745 769 3810 salvatorem,
791 3744 836 3812 qni
859 3752 901 3797 ext
924 3744 950 3796 in
965 3744 1071 3800 modico

287 3808 392 3878 reliquo
403 3813 472 3866 olea.
493 3813 560 3879 Quia
575 3815 625 3868 nisi
642 3810 765 3867 demirans
777 3814 919 3884 reliquisset
940 3811 1012 3867 nohis
1031 3830 1072 3867 rc·

286 3894 355 3945 mea,
371 3882 436 3934 sicot
450 3882 566 3936 Sodoma
579 3884 715 4006 ‘distemus
731 3882 799 3955 (lto.
814 3901 831 3944 r.
847 3881 885 3953 a).
903 3883 1010 3954 Accipe,
1030 3883 1072 3937 in·

287 3949 354 4071 aab,
366 3951 516 4015 coasittnm.
534 3969 578 4008 mu
591 3954 639 4019 ier,
650 3954 683 4008 de
698 3954 742 4008 illo
756 3953 875 4008 vascnlo.
891 3950 949 4007 Noli
965 3953 1071 4022 penitus

306 4032 431 4087 esperare
458 4021 556 4091 decipe
576 4024 623 4078 tibi
638 4038 701 4078 vasa
716 4038 783 4077 nora
804 4023 1009 4092 quamplurima.
1025 4021 1069 4077 ln*

287 4093 328 4140 tra
345 4095 373 4141 tu
387 4098 414 4143 et
429 4090 475 4143 frlii
499 4094 537 4145 tui
551 4090 727 4147 domesticum
742 4108 801 4146 ennr
823 4092 1006 4146 taciturnitate
1020 4107 1069 4147 eu·

284 4155 413 4222 hlculnm,
421 4169 448 4212 et
457 4159 551 4215 clande
563 4163 659 4216 ostium
671 4171 754 4217 tnnnr.
767 4161 837 4215 latre
849 4163 874 4215 in
886 4163 1068 4231 promptuaria

284 4231 342 4292 tua,
359 4228 494 4283 absconde
513 4238 539 4283 tc
562 4232 696 4299 pusillum,
717 4246 857 4300 quousque
871 4239 988 4285 transcat
1002 4231 1068 4287 furia

284 4291 472 4352 fenerandum.
488 4298 526 4367 lta
540 4301 636 4355 nrulier
654 4299 717 4355 fecit
732 4310 760 4355 ut
773 4315 823 4371 pro
843 4300 903 4354 beta
922 4301 1069 4357 arandarit,

285 4364 397 4435 decepit
411 4367 506 4424 mulier
519 4386 581 4424 rasa
595 4386 664 4426 nova
679 4389 685 4423 :
702 4372 806 4442 accepit
818 4317 939 4425 Ecclesia
953 4372 987 4425 de
1002 4372 1069 4425 sici-

282 4434 326 4489 rtis
340 4438 463 4493 omnibus
476 4441 598 4509 gentibus
613 4441 748 4496 bominum
764 4441 882 4495 membra
892 4441 926 4496 de
935 4440 1067 4496 dominica

282 4502 401 4574 figulina.
416 4507 490 4562 lntns
505 4510 604 4564 intrant
619 4520 705 4565 mater
718 4519 745 4565 et
756 4509 811 4565 lilii.
826 4509 897 4564 lutra
913 4510 975 4565 illud
990 4511 1066 4565 cubi·

282 4576 372 4629 culttra
382 4578 444 4646 quid
458 4580 566 4647 agitur?
579 4579 687 4635 Pascbae
699 4581 752 4635 illic
764 4581 841 4634 video
852 4588 1066 4635 sacramentum:

282 4642 410 4700 Sanctum
422 4660 575 4704 sanctorum
586 4658 636 4704 est.
647 4650 738 4705 Cornu
748 4651 782 4704 ihi
793 4648 921 4717 florescit,
930 4648 1066 4705 fenerator

1124 3387 1206 3456 Ecce,
1224 3392 1323 3463 inquit,
1339 3393 1420 3459 hqmo
1434 3394 1481 3449 [lei
1495 3394 1650 3465 frequenter
1665 3399 1738 3451 venit
1752 3398 1784 3452 ad
1798 3413 1857 3464 nos,
1879 3407 1906 3453 ct

1123 3461 1189 3515 satis
1203 3461 1309 3517 excedit
1332 3480 1389 3519 nos.
1410 3463 1457 3519 lile
1477 3465 1574 3535 justus,
1599 3481 1649 3521 nos
1668 3475 1831 3536 peccatores.
1852 3468 1906 3523 iste

1123 3531 1252 3594 scelestis,
1271 3548 1320 3588 rros
1341 3543 1488 3589 terrestres.
1509 3534 1557 3589 llle
1579 3535 1605 3589 irr
1620 3548 1668 3604 spe
1691 3536 1906 3606 singularitates

1122 3601 1180 3655 sine
1194 3600 1284 3657 fructu
1304 3604 1453 3672 coniuncti.
1470 3604 1569 3658 lineum
1593 3613 1676 3659 estut
1689 3621 1844 3662 communes
1857 3623 1908 3663 ao·

1122 3669 1223 3725 hiscum
1239 3672 1383 3727 marrsioais
1398 3675 1494 3728 babeat
1508 3674 1633 3755 parietes.
1649 3691 1710 3730 cum
1724 3691 1777 3745 quo
1791 3692 1846 3732 non
1857 3677 1908 3731 ba-

1122 3738 1215 3795 bemus
1228 3741 1330 3796 similes
1343 3758 1441 3799 mores.
1455 3740 1595 3799 iactamus
1609 3745 1656 3808 itti.
1667 3745 1763 3801 marite
1775 3762 1863 3813 mens,
1880 3751 1908 3801 in

1121 3811 1303 3877 superioribus
1315 3811 1436 3879 domum,
1459 3813 1502 3868 ulti
1523 3814 1634 3869 veniens
1654 3822 1778 3884 tanquam
1792 3817 1907 3886 ad'pro·

1121 3882 1210 3947 prium
1225 3880 1340 3936 declinet
1352 3882 1507 3952 hospitium,
1522 3881 1633 3939 inferior
1642 3884 1722 3939 debet
1733 3900 1792 3941 esse
1803 3888 1908 3941 mansio

1121 3958 1223 4015 nostra,
1239 3950 1300 4018 quia
1316 3951 1440 4007 inferiora
1455 3960 1517 4007 sunt
1531 3961 1558 4007 et
1570 3955 1665 4009 merita
1681 3963 1781 4009 nostra.
1803 3955 1909 4028 llarty·

1121 4033 1164 4072 res
1176 4021 1267 4085 iacent
1278 4021 1326 4075 snb
1340 4036 1387 4075 ara
1408 4022 1465 4076 [ici.
1492 4021 1545 4076 Nos
1567 4024 1772 4079 nondebcmus
1794 4041 1907 4082 manere

1121 4092 1192 4158 fras„
1205 4089 1305 4162 jacere)
1317 4092 1514 4146 submersione
1526 4092 1640 4148 bominis
1654 4092 1700 4148 [lei
1711 4096 1723 4148 f
1736 4093 1829 4150 Placet
1842 4113 1907 4151 san·

1121 4166 1193 4211 ctum
1209 4160 1391 4216 incommune
1412 4177 1463 4217 eon
1478 4162 1563 4226 itiam.
1588 4171 1617 4219 et
1635 4163 1810 4220 similitudine
1824 4181 1908 4235 apum

1119 4226 1249 4284 farlrricarc
1261 4239 1398 4299 eruperunt
1407 4231 1550 4303 hospitium
1564 4234 1769 4303 susceptoriam.
1784 4232 1844 4289 lfao
1858 4234 1909 4291 de-

1119 4295 1243 4363 dignatur
1278 4301 1373 4355 mulier
1400 4301 1444 4356 illa
1478 4302 1555 4357 irenae
1589 4303 1780 4372 hospitalitatis
1812 4319 1909 4362 amans

1119 4380 1215 4435 aquam
1229 4366 1370 4425 infundere
1385 4371 1425 4425 vel
1441 4371 1512 4440 tigna
1528 4374 1603 4443 (ms,
1615 4372 1697 4442 ligna)
1709 4383 1828 4443 portare.
1842 4375 1908 4430 Dul-

1118 4437 1157 4490 cis
1169 4439 1239 4491 enim
1252 4448 1311 4493 erat
1324 4440 1400 4494 labor
1415 4456 1494 4511 quem
1506 4441 1625 4496 caritatis
1635 4452 1804 4510 suggesserat
1817 4459 1923 4500 amon·

1118 4502 1224 4573 Cogitat
1237 4507 1366 4573 sensibus,
1382 4509 1494 4566 tedideat
1508 4510 1653 4566 laboribus.
1674 4511 1755 4566 Parat
1766 4515 1909 4570 ornatibus

1117 4575 1235 4631 domum.
1251 4576 1509 4643 Collocatmensam,
1524 4581 1627 4643 sellam,
1644 4582 1751 4644 lectum,
1765 4595 1792 4638 ει
1802 4583 1908 4639 caude·

1117 4644 1232 4716 haara,
1255 4657 1283 4702 ct
1306 4649 1412 4717 dignum
1426 4650 1542 4705 venienti
1563 4652 1723 4720 praepararit
1745 4652 1906 4793 hospitium.

282 4712 321 4768 ibi
343 4719 498 4773 ιιιιιιεεεείιἴ
520 4717 621 4774 Pascha
642 4728 685 4776 est
703 4735 763 4776 cnm
779 4728 864 4774 matre
877 4728 904 4774 ct
919 4719 989 4784 liliis,
1005 4735 1066 4775 eum
1082 4720 1106 4780 [l
1121 4713 1169 4770 Ubi
1183 4731 1222 4780 es.
1238 4717 1332 4785 diluuii,
1348 4719 1400 4773 mel
1410 4718 1513 4775 Domini
1528 4723 1639 4775 servre?
1654 4719 1800 4791 Exspectat
1820 4738 1837 4777 ε
1851 4724 1907 4778 tuis

280 4781 398 4840 Ecclesia
412 4795 440 4841 et
452 4788 567 4857 populis.
583 4788 696 4844 Fontem
712 4790 798 4850 tideo,
814 4790 929 4843 chrisma
945 4790 1068 4845 conside·

280 4867 326 4921 ro,
338 4852 472 4911 Christum
488 4857 582 4912 adoro.
595 4859 866 4929 decipiebatsnlrindc
881 4859 977 4914 mulier
991 4859 1068 4914 mini*

280 4925 428 4981 strantihus
450 4926 510 4981 llliis
533 4943 606 4994 vasa,
629 4938 656 4982 et
678 4926 849 4993 defendebat,
876 4938 903 4983 et
926 4929 1064 4999 applicans

279 4992 379 5047 iterum
396 4993 567 5055 defendebat.
583 5006 611 5053 et
633 4999 721 5053 oleum
737 5013 791 5052 non
806 4999 953 5053 desinebat.
970 4996 1065 5055 Nouae

278 5062 304 5116 la
319 5072 413 5131 aperto
426 5073 468 5119 est
481 5065 554 5135 quod
567 5069 664 5136 agitor,
677 5069 785 5136 quando
798 5083 860 5121 rasa
875 5083 943 5123 nora
959 5067 1065 5138 replen-

279 5136 344 5186 tur?
363 5132 443 5188 Dives
455 5132 525 5191 lacta
549 5146 590 5192 est
601 5137 697 5192 mulier
710 5147 737 5193 et
751 5152 855 5192 secura.
881 5136 940 5206 Agit
963 5139 1064 5207 gratias

276 5217 337 5271 qum
350 5203 479 5258 eilbderat
491 5204 631 5278 lacrymas.
652 5206 736 5273 liade,
757 5207 852 5277 inquit,
867 5208 954 5265 vende
964 5215 992 5261 et
1003 5208 1065 5262 red-

276 5275 310 5326 de
324 5273 453 5334 debiturn.
468 5282 495 5329 et
510 5275 544 5330 de
559 5278 661 5346 reliquo
675 5278 736 5331 sive
750 5285 777 5331 tn
795 5287 822 5332 et
838 5276 883 5333 blii
899 5277 947 5330 tni.
972 5276 1009 5331 [ie
1023 5290 1064 5331 rc-

276 5341 350 5411 liqun
363 5344 506 5399 sisernlunr
522 5354 572 5401 cst.
594 5347 632 5401 Ile
646 5346 747 5409 fibristi
761 5347 845 5416 gratia
861 5346 1061 5415 transigendum

274 5420 336 5467 est:
357 5413 418 5483 qnia
433 5414 555 5470 Christus
570 5416 677 5471 bannilis
699 5417 782 5481 verrit,
804 5426 834 5471 et
847 5416 973 5471 Ecclesiae
987 5415 1062 5470 suffr·

274 5482 321 5545 eit,
337 5483 399 5550 quia
416 5500 550 5553 aterquarn
571 5486 660 5539 oleam
676 5486 844 5541 tenebrescit.
865 5486 888 5541 0
904 5486 956 5540 olei
967 5499 1060 5540 sacra·

275 5555 413 5605 mentnmt
428 5554 490 5609 lade
499 5555 635 5624 sapientes
645 5557 764 5626 probatae
774 5565 835 5611 sunt
847 5556 963 5624 virgines
977 5573 984 5608 :
998 5556 1064 5611 inde

274 5635 379 5675 securae
392 5623 538 5677 redduntur
552 5636 580 5680 et
595 5635 705 5682 matres.
730 5625 793 5681 laide
807 5627 921 5693 virgines
943 5625 1059 5695 patriam

273 5700 413 5744 merentur
423 5694 523 5747 latrare
536 5710 543 5748 ε
557 5695 619 5750 iude
630 5704 716 5751 mater
725 5702 843 5750 meretoc
855 5695 968 5751 [lantino
977 5696 1060 5749 servi·

275 5760 1057 5834 riurrrexlriberc,etperpctuacurnllliislibertalegaudere.

1119 4795 1211 4908 parata
1226 4788 1364 4842 orrratihus
1383 4788 1488 4854 domus,
1509 4797 1537 4842 ut
1550 4789 1683 4861 hospitunt
1698 4801 1803 4846 tuorum
1818 4793 1908 4849 dulcis
1935 4792 1938 4795 ’

1128 4856 1352 4912 areturatiecars.
1369 4856 1526 4926 Susetpttm,
1552 4858 1667 4923 fovetur,
1693 4861 1854 4929 honoratur,
1878 4873 1908 4919 ct

1118 4927 1218 4993 cogitat
1229 4927 1347 4982 reddere·
1361 4928 1533 4983 benefaciant..
1547 4928 1604 4996 llic,
1620 4931 1716 4999 inquit,
1731 4930 1826 4997 Glcai3
1847 4934 1923 5002 die„

1117 5006 1195 5062 pncr,
1216 5008 1280 5050 voca
1293 4996 1369 5050 istam
1384 4997 1590 5067 Sunamitidem,
1610 5009 1638 5053 nt
1654 5000 1799 5056 reddamus
1810 5002 1835 5056 ei
1850 5004 1907 5057 ali·

1116 5078 1196 5130 qnam
1210 5065 1427 5133 vicissitudinem,
1443 5083 1502 5136 quac
1516 5068 1592 5123 nobis
1606 5077 1706 5124 tantam
1721 5072 1843 5127 exhibuit
1856 5088 1908 5127 ca-

1117 5135 1233 5188 ritatem.
1252 5134 1330 5189 Venit
1363 5150 1424 5205 uer,
1435 5146 1516 5192 secat
1529 5138 1679 5194 rnntiercm.
1698 5138 1733 5192 Et
1746 5143 1881 5212 propbeta
1895 5159 1906 5199 ι

1117 5201 1174 5267 tric,
1187 5204 1284 5274 inquit,
1299 5150 1403 5268 murier,
1419 5207 1484 5275 qnid
1499 5207 1546 5261 tibi
1562 5206 1630 5262 forto
1644 5222 1713 5277 opus
1727 5220 1768 5264 εει
1783 5213 1909 5267 necessi·

1115 5273 1189 5339 tatis,
1206 5283 1235 5328 ut
1247 5273 1362 5329 fructura
1377 5277 1462 5344 possis
1476 5277 1597 5347 recipcre
1611 5277 1741 5347 pietatis?
1761 5278 1818 5335 Nec
1831 5284 1909 5352 apud

1114 5354 1204 5409 ragom
1225 5352 1271 5397 aut
1285 5345 1418 5466 principes
1433 5354 1523 5401 nostra
1538 5360 1588 5416 pro
1605 5347 1726 5403 redebet
1739 5353 1848 5418 operari
1864 5353 1910 5407 le·

1113 5413 1197 5478 gotio,
1222 5429 1255 5468 ae
1268 5429 1283 5471 a
1297 5414 1383 5482 ieujrrs
1393 5416 1438 5470 tibi
1452 5416 1604 5486 importuna
1616 5418 1652 5471 sit
1666 5417 1847 5487 inquietudo?
1868 5421 1907 5477 Ει

1112 5483 1226 5536 rnulicr:
1245 5483 1315 5538 Nihil
1335 5496 1387 5552 est,
1401 5486 1518 5549 demine,
1536 5486 1608 5554 quod
1629 5486 1694 5542 uribi
1712 5489 1750 5542 sit
1770 5491 1912 5559 importu-

1113 5566 1187 5605 nam.
1213 5552 1241 5606 la
1264 5553 1352 5609 aredio
1367 5555 1456 5627 pupuli
1473 5559 1524 5609 arei
1546 5568 1596 5624 ego
1610 5556 1713 5624 habite,
1736 5558 1875 5629 longeest
1890 5578 1911 5615 a

1112 5622 1189 5675 nohis
1211 5622 1316 5691 publica
1332 5625 1526 5686 controversia,
1541 5627 1650 5693 quando
1666 5634 1694 5679 tu
1708 5629 1787 5683 nobis
1802 5630 1853 5684 bos
1894 5648 1912 5686 s

1112 5704 1172 5744 csse
1186 5690 1316 5758 dignaris
1335 5692 1442 5748 Nullum
1456 5695 1504 5749 tibi
1518 5695 1544 5749 in
1563 5696 1663 5751 erimus
1678 5695 1836 5764 injuriosum
1854 5647 1910 5753 ζ

1111 5759 1224 5814 bor-em:
1249 5761 1391 5819 delicatam
1405 5763 1439 5819 de
1450 5776 1476 5820 te
1489 5709 1562 5835 apuff
1582 5764 1724 5822 Doarimm
1740 5783 1819 5823 unam
1841 5780 1912 5825 tan-

310 5890 481 5963 ·Augustiuo
493 5897 625 5969 ascriptos
639 5897 667 5952 is
679 5912 729 5955 urs.
740 5912 802 5956 cona
814 5898 844 5954 S.
859 5899 953 5956 Crucis
967 5899 993 5954 in
1011 5898 1157 5955 ierusalem
1170 5898 1195 5954 ia
1211 5906 1282 5959 urbe.
1324 5906 1330 5917 '
