4152 6344
133 375 136 382 “
168 384 220 446 ast
530 396 534 413 ·
697 364 1023 436 tournnmmauutt
1043 360 1278 432 antuniana:
1751 375 1805 438 32,

118 468 124 477 ’
169 500 242 556 nitur
253 492 341 549 Patris
357 498 386 548 et
402 487 463 546 litlti
483 487 611 545 naturalis
631 487 780 559 significata
794 487 959 545 communio.
975 485 1093 550 lll’atre
1105 502 1158 542 una
1171 486 1298 543 divinitas
1312 484 1449 541 natrrrells.
1462 482 1587 545 Christus
1601 488 1682 558 enim,
1696 493 1741 561 qui
1756 509 1803 551 re·

168 584 286 643 Alterius
300 590 390 638 autem
404 576 620 650 omnipotentie,
634 578 835 642 dominationis,
851 579 962 632 immor·
1013 576 1079 631 ritas
1091 585 1143 644 est,
1158 577 1227 633 sicut
1240 585 1282 631 est
1295 590 1374 631 rems
1388 577 1470 632 bomo
1482 577 1516 633 de
1531 589 1625 639 natura
1645 584 1749 650 matris,
1767 583 1807 642 sie

159 673 282 732 'talitatis
303 678 385 742 atquo
406 669 616 735 invisibilitatis,
637 666 716 725 lesos
735 667 859 724 Christus
882 667 963 736 digne
1012 680 1092 721 τοτυς
1111 665 1182 721 Deus
1201 673 1243 721 est
1260 666 1340 722 etiam
1359 666 1394 722 de
1412 669 1562 724 substantia
1582 668 1689 727 Patris:
1705 676 1748 731 eui
1765 675 1807 732 sie

162 763 335 830 ,credentum
345 760 368 816 si
378 774 433 816 non
443 759 491 815 liei
501 758 589 815 Patris
603 758 698 815 unicus
707 757 791 814 Fidus
804 757 940 815 diceretur
954 775 960 811 τ
1013 770 1067 810 non
1078 762 1120 810 est
1129 755 1270 811 diversitas
1280 755 1377 811 dirime
1388 764 1491 812 naturae
1501 774 1561 814 cum
1572 758 1662 829 Patre,
1674 764 1742 821 sieut
1753 780 1807 821 non

158 844 264 910 'aulem
277 859 368 907 autem
385 849 503 914 dicitur,
523 849 586 918 quia
604 849 679 905 sulus
698 862 777 903 verns
794 854 838 904 est
856 847 961 903 lilius:
1012 853 1055 900 est
1062 845 1193 902 naturalis
1201 845 1345 903 diversitas
1356 862 1452 902 anrmae
1462 864 1604 919 carnisque
1614 867 1675 906 eum
1686 852 1806 924 Virgine.

167 945 242 1002 solus
254 948 401 1001 estantem
417 954 495 998 verus
509 934 612 1006 l'ilius,
631 941 694 1010 qnia
718 938 753 995 de
766 949 863 995 natura
876 937 964 996 Patris
1013 932 1145 1000 Proinde
1160 935 1222 1005 quia
1236 945 1350 991 munem
1364 938 1478 992 tentate
1491 940 1579 995 carnis
1577 941 1713 1037 aceepit,
1725 959 1808 1013 quam

168 1037 243 1094 sulus
254 1041 297 1092 est
307 1034 396 1090 natos
407 1028 533 1088 Veritas·
526 1039 618 1101 ltaque
629 1030 777 1087 nativitatis
790 1030 871 1098 illins,
883 1038 963 1084 nata·
1013 1023 1129 1079 veritate
1143 1023 1291 1081 divinitatis
1304 1026 1462 1096 absorbuit,
1483 1028 1544 1085 ideo
1558 1010 1674 1088 latemur
1687 1035 1749 1103 qnia
1764 1049 1809 1091 se·

160 1127 254 1185 'raietu
268 1122 462 1196 plenitudinem
475 1121 510 1177 de
524 1119 604 1177 Patre
617 1119 809 1176 demonstrat
801 1135 828 1174 tn
841 1118 943 1186 Filio,
936 1134 965 1174 tn
1014 1115 1116 1186 pultes,
1131 1115 1176 1172 dle
1190 1118 1267 1171 tortia
1281 1119 1439 1174 resurrexit
1459 1118 1517 1176 lioc
1530 1121 1601 1176 enim
1617 1122 1649 1176 ad
1664 1116 1808 1179 conilrma·

167 1232 224 1288 qno
237 1231 273 1272 en
290 1214 405 1270 naturali
426 1212 618 1283 generatione,
634 1217 754 1282 paternas
776 1218 879 1266 nature
899 1225 963 1281 per·
1014 1205 1117 1261 tionem
1133 1207 1191 1276 spei
1206 1215 1304 1262 nostre
1317 1216 1428 1277 operata
1443 1216 1486 1264 est
1498 1209 1587 1265 divina
1602 1211 1763 1283 benignitas,
1778 1222 1806 1269 ut

167 1314 263 1363 manet
275 1303 425 1378 plenitudo.
445 1302 616 1373 congruebat
636 1310 726 1358 autem
744 1305 843 1358 nostrae
857 1302 965 1359 ildelac
1015 1299 1042 1353 in
1056 1311 1111 1369 quo
1122 1298 1281 1356 vincebatur
1296 1301 1391 1356 mortis
1405 1309 1504 1357 nostrae
1522 1303 1691 1374 supplicium,
1708 1305 1734 1360 in
1748 1306 1807 1376 ipso
1869 1304 1873 1312 “

168 1398 259 1464 saluti,
271 1412 325 1452 non
336 1394 426 1452 tolon
437 1394 593 1459 creationis,
603 1408 696 1449 rernm
710 1394 792 1449 etiam
803 1393 966 1467 redemptio·
1014 1389 1161 1459 refulgeret
1175 1400 1272 1445 nostrre
1286 1391 1492 1447 resurrectionis
1505 1394 1658 1464 exemplum
1675 1413 1682 1448 ε
1698 1405 1725 1451 et
1744 1395 1808 1466 quia

168 1489 213 1545 nis
227 1486 385 1559 mysterium
398 1484 533 1542 confiteri.
546 1483 578 1539 ln
590 1482 714 1540 omnibus
727 1483 798 1540 enim
812 1498 872 1554 quae
885 1498 966 1554 supe-
1014 1477 1132 1534 ditium
1143 1494 1282 1552 resurgent
1293 1495 1309 1534 o
1321 1481 1428 1534 mortain
1435 1482 1492 1551 jam
1503 1497 1555 1537 non
1569 1484 1687 1550 moritur,
1699 1493 1726 1538 et
1738 1501 1807 1540 mora

168 1580 227 1637 rins
240 1579 273 1635 de
289 1577 372 1634 Petro
382 1577 455 1633 dieta
468 1583 540 1644 sunt,
556 1576 700 1649 predicata
713 1584 755 1633 est
766 1577 896 1647 maiestas
907 1577 966 1647 ejus
1014 1570 1039 1625 ei
1048 1569 1118 1623 uitro
1129 1586 1181 1624 non
1194 1568 1371 1626 dominabitur
1383 1568 1472 1641 (iiam.
1485 1586 1521 1635 rt,
1533 1570 1577 1641 9);
1593 1572 1661 1628 sieut
1671 1589 1807 1644 nunquam
1879 1620 1882 1625 r

169 1684 223 1741 qm
237 1684 288 1725 „03
301 1667 376 1736 segg,
390 1667 439 1723 ,gg
451 1682 506 1722 „0ss
520 1674 561 1723 egr
578 1674 686 1723 omn„
699 1667 807 1723 ponpa,
819 1681 874 1738 qu,
888 1666 966 1723 fede.
1016 1660 1146 1716 morietur
1159 1659 1259 1716 Christi
1272 1675 1337 1716 caro
1351 1675 1431 1724 uera,
1451 1662 1488 1716 ita
1508 1672 1599 1717 nostra
1622 1678 1730 1735 quoque
1748 1680 1809 1721 cor·

168 1761 279 1816 mittet
289 1757 417 1828 qnoniam
429 1757 482 1813 hoc
494 1756 623 1811 collatum
636 1755 776 1822 estnobls,
791 1754 900 1825 dignum
915 1755 965 1811 tuit
1016 1764 1082 1823 pora
1104 1753 1311 1809 resurrectionis
1333 1754 1485 1809 eternitate
1508 1754 1649 1812 credamus
1672 1755 1730 1812 sine
1756 1756 1809 1813 line

169 1856 202 1905 ut
214 1846 364 1904 suillcicirte
386 1846 446 1903 solo
465 1844 524 1901 ribi
538 1845 648 1901 nomine
660 1845 694 1900 ad
705 1844 964 1901 demonstrationem
980 1843 1129 1909 quietura.
1149 1842 1249 1898 Deinde
1263 1853 1352 1897 ττυτοτυ
1367 1841 1482 1897 latemur
1494 1841 1630 1899 Christum
1655 1846 1810 1902 ascendisse

169 1938 319 2010 majestatis
329 1936 425 1994 divine
435 1951 488 2008 qna
499 1936 584 1993 creati
597 1950 699 2002 sumus,
716 1935 839 1991 deinde·
853 1936 965 1991 verbum
1016 1929 1044 1991 ln
1057 1936 1174 2001 eoelum,
1194 1943 1222 1989 et
1236 1935 1297 1991 indo
1310 1945 1453 1990 rentumm
1466 1933 1587 2004 judicare
1600 1937 1676 1993 rivos
1692 1945 1719 1991 ct
1737 1952 1810 1993 ntor·

169 2030 270 2097 cruris,
279 2029 351 2101 quod
366 2028 543 2100 pereuntibus
553 2027 661 2097 quiden
671 2025 786 2083 stultitia
799 2032 850 2093 est,
863 2026 904 2081 liis
917 2040 966 2081 au·
1017 2034 1079 2082 tuos
1092 2043 1099 2079 ε
1114 2024 1196 2080 Pater
1217 2027 1285 2080 entim
1309 2042 1360 2079 non
1379 2026 1482 2096 judicat
1495 2036 1655 2098 querentem,
1670 2027 1716 2081 sed
1735 2044 1810 2085 omne

170 2129 226 2177 tem
241 2122 287 2193 qui
301 2120 367 2176 salvi
384 2120 450 2176 ssent
464 2119 549 2175 uirtus
562 2118 610 2173 uei
624 2117 776 2190 est(i(1or.
792 2134 812 2186 r,
828 2116 884 2189 18).
907 2117 966 2185 Quo
1013 2116 1313 2190 §inmansuetudine
1324 2128 1447 2172 ntomnet
1457 2118 1626 2189 honorificent
1637 2117 1733 2174 Ft'iinrn
1745 2122 1810 2175 sicut

169 2213 257 2283 magis
280 2210 316 2268 ad
335 2210 500 2268 credendum
529 2208 638 2266 dillicile
668 2209 818 2266 ridebatur.
853 2205 966 2266 lliiilcile
1018 2209 1192 2281 bononficont
1208 2208 1312 2265 Patrem
1331 2209 1422 2280 (ioan.
1435 2224 1462 2275 v,
1476 2207 1533 2281 22)ss
1557 2208 1673 2267 Proinde
1686 2226 1755 2267 unus
1769 2221 1811 2268 est

170 2303 273 2375 quippe
296 2316 350 2358 non
372 2301 424 2357 tuit
443 2298 555 2365 eredere
576 2299 672 2356 Filiam
695 2299 775 2356 unius
789 2306 892 2355 nature
905 2315 967 2356 cum
1017 2301 1106 2357 honor
1116 2300 1188 2356 Patri
1199 2310 1227 2357 et
1239 2301 1308 2357 rino
1323 2300 1497 2367 deterendus,
1513 2300 1576 2371 quia
1591 2300 1680 2367 Pater,
1696 2303 1741 2374 qui
1757 2318 1811 2358 nou

169 2390 263 2459 Patre,
278 2399 306 2448 et
319 2406 354 2448 ex
368 2391 421 2449 hoe
434 2391 525 2448 omnia
538 2406 599 2462 qnte
615 2398 765 2447 memorata
778 2397 852 2462 sunt,
864 2392 968 2449 imitate
1015 2391 1118 2462 judicat
1134 2407 1314 2462 quemquam,
1329 2391 1377 2448 scd
1397 2408 1479 2448 omne
1490 2392 1620 2461 judicium
1639 2392 1713 2449 dedit
1731 2393 1809 2460 litio,

167 2481 289 2538 baronti
300 2497 361 2538 cnm
375 2481 498 2552 genitore
510 2482 631 2552 genitum
644 2476 783 2552 possidere
795 2499 802 2535 τ
814 2488 842 2537 et
854 2481 890 2538 ob
903 2482 967 2550 lauo,
1017 2495 1101 2538 unum
1116 2480 1310 2538 demonstravit
1333 2497 1394 2540 esse
1417 2498 1495 2539 suum
1518 2482 1633 2554 Fiiilque
1651 2483 1780 2554 iudicium
1802 2503 1809 2539 :

170 2569 207 2624 ad
227 2569 387 2639 sapientiam
410 2567 503 2624 mnndl
530 2568 638 2639 penitus
669 2568 879 2634 destruendam,
904 2570 967 2639 quia
1018 2568 1091 2642 quod
1107 2572 1169 2630 ideo
1183 2572 1250 2629 rtttn
1264 2572 1358 2641 dedit,
1375 2580 1512 2630 mammes
1523 2574 1702 2631 honorificent
1715 2572 1811 2632 Filium

169 2658 296 2715 cbristus
317 2658 461 2715 crucinxns
481 2655 581 2713 ludaeis
602 2656 711 2728 quiderm
733 2657 889 2716 scandalum
915 2667 967 2727 est,
1018 2659 1089 2732 siout
1109 2662 1290 2720 honorilicant
1303 2661 1421 2720 Patrem.
1441 2664 1481 2719 bd
1502 2666 1694 2723 removendam
1713 2667 1813 2740 quippo

170 2750 400 2821 gentibusautem
420 2749 552 2817 stultitin,
573 2749 638 2820 ipsls
659 2762 726 2805 vero
748 2751 851 2806 voeatis
871 2747 969 2806 lunate
1020 2752 1197 2810 differentiam
1221 2754 1352 2821 nonoris,
1376 2764 1483 2813 ostensa
1502 2743 1544 2813 esi
1565 2759 1654 2814 unitas
1665 2758 1813 2829 judiciarios

170 2847 255 2910 atque
267 2838 389 2904 Grecis,
411 2838 534 2900 cbristm
547 2838 596 2895 boi
616 2839 703 2895 tirius
722 2846 752 2895 et
771 2839 818 2896 liei
838 2840 968 2911 sapientia
1019 2845 1161 2917 potestatis
1176 2863 1183 2899 ι
1199 2853 1229 2900 υτ
1242 2845 1344 2902 seilicet
1358 2844 1435 2911 Filio,
1447 2845 1489 2903 cui
1504 2861 1519 2901 a
1532 2846 1613 2903 Patre
1625 2847 1717 2903 datum
1733 2864 1814 2907 otnno

171 2932 203 3006 (l
213 2931 276 2988 Gor.
292 2948 313 2998 t,
327 2931 391 3003 93);
412 2932 447 2988 υτ)
467 2932 520 2989 Ιτοο
539 2933 590 2988 iuit
609 2933 738 2989 intentius
756 2940 784 2989 et
801 2934 908 3004 penitus
928 2934 970 2989 in·
1018 2935 1147 3006 judicium
1161 2935 1295 3001 novimus,
1310 2935 1441 3005 equalem
1452 2936 1531 2992 simui
1540 2950 1602 2993 cum
1613 2936 1693 2994 Patre
1702 2936 1814 2995 hostori-

171 3022 349 3092 erilandnnr,
364 3023 449 3078 Βουτυ
468 3036 581 3089 τοτυτυ,
604 3022 653 3078 Dei
668 3021 753 3078 Patris
765 3023 968 3093 omnipotentis,
1021 3026 1158 3085 licentiam
1172 3028 1340 3093 deteramus3
1362 3044 1413 3085 nce
1433 3044 1590 3100 separemus
1609 3030 1720 3090 honoris
1734 3032 1815 3089 obse·

172 3113 354 3179 immortalis,
369 3122 397 3169 et
412 3113 552 3169 invisibilis
565 3113 703 3186 proprium
715 3114 796 3187 655
810 3123 894 3187 atque
907 3114 970 3171 uni·
1021 3120 1124 3191 quium,
1137 3118 1181 3174 ubi
1193 3128 1345 3190 separatum
1355 3118 1484 3189 judicium
1496 3121 1689 3178 nonuidemus.
1702 3121 1816 3195 Expleta

172 3202 297 3271 genitum
310 3200 430 3272 Filium,
447 3203 528 3259 etiam
542 3210 635 3259 natum
649 3202 684 3259 de
705 3201 807 3274 Spiritu
828 3213 922 3260 saneto
936 3219 970 3260 ex
985 3216 1007 3278 g
1022 3224 1088 3265 vero
1104 3207 1274 3266 consessione
1291 3222 1362 3264 serae
1376 3209 1538 3277 divinitatis,
1553 3226 1677 3284 versoque
1692 3212 1819 3270 humani·

172 3290 288 3363 Virgine
298 3289 394 3361 llaria,
409 3292 482 3362 quod
496 3291 563 3348 nihii
585 3300 629 3349 est
647 3292 719 3349 alind
732 3308 813 3364 υυττυ
831 3295 865 3351 de
884 3297 970 3365 gratia
1023 3299 1086 3354 tatis
1099 3299 1171 3354 unici
1189 3297 1249 3353 ritu
1269 3297 1332 3362 Dei,
1353 3299 1514 3356 coniltemur
1526 3316 1577 3356 nos
1590 3302 1701 3358 credere
1715 3303 1741 3357 ia
1755 3301 1817 3373 Spi-

172 3379 233 3449 uer,
248 3379 563 3457 eteruterovirglnali.
589 3380 659 3451 Quid
673 3392 763 3440 autem
779 3385 926 3441 mirabilius
940 3402 972 3443 ac
1021 3389 1102 3444 ritum
1117 3397 1256 3456 sanctum,
1276 3388 1320 3460 qui
1336 3397 1378 3444 est
1392 3406 1460 3445 uatis
1474 3388 1589 3461 Spiritus
1604 3389 1692 3446 Patris
1705 3400 1733 3446 ct
1746 3390 1816 3459 Filii

172 3440 331 3542 salubrius,
350 3490 431 3548 quam
451 3489 614 3545 cognoscere
632 3475 716 3531 Deum
731 3477 917 3547 unigenitum,
938 3479 972 3535 de
1021 3475 1473 3550 dePatreFilioqueproccdens,
1466 3497 1491 3535 m
1507 3474 1818 3556 Patreiilioqueffie

178 3578 278 3626 natura
293 3565 415 3623 Patris
393 3580 452 3623 stne
465 3565 543 3622 intuo
555 3573 669 3631 natum
687 3574 714 3621 et
733 3563 807 3620 Patri
824 3564 880 3621 lieo
894 3575 974 3622 natu·
1022 3568 1182 3623 naturaliter
1195 3567 1247 3640 (ut
1263 3567 1394 3640 ildeliter)
1409 3585 1546 3626 manens:
1562 3570 1596 3627 de
1610 3570 1689 3627 Patre
1702 3587 1734 3628 ae
1748 3572 1818 3630 Filio
1881 3588 1885 3595 ’

174 3660 273 3717 naliter
296 3663 471 3724 coeternum,
494 3670 549 3712 non
571 3669 629 3711 sue
649 3654 780 3722 utilitatis,
802 3654 849 3710 sed
874 3663 973 3712 nostre
1022 3656 1124 3714 babens
1134 3658 1280 3715 divinitatis
1290 3660 1432 3730 originem
1446 3677 1507 3717 cum
1518 3659 1598 3718 Patre
1612 3677 1645 3719 ac
1661 3662 1729 3720 lirim
1740 3680 1818 3721 unius

173 3747 398 3808 samdsobtentu
413 3744 512 3803 lactum
534 3743 684 3815 essequod
702 3742 779 3811 leclt;
799 3753 973 3815 creatumque
1016 3747 1569 3808 deitatisbalneasnaturaliterreritatem.
1581 3751 1818 3823 inspirituautem

173 3836 339 3895 mirabiliter
360 3851 394 3893 ac
417 3833 651 3901 misericorditer,
678 3841 708 3888 ut
730 3832 875 3890 redimeret
901 3833 974 3905 qnod
1022 3850 1117 3896 sancto
1137 3839 1200 3911 quid
1220 3840 1336 3912 amplius
1358 3840 1392 3897 ad
1415 3840 1608 3929 perlectionem
1623 3843 1719 3899 divinae
1733 3845 1819 3914 maje-

174 3928 298 3986 crearitl
311 3923 410 3984 Verum
425 3925 488 3997 quia
501 3923 572 3981 idem
586 3922 712 3996 proprius
725 3930 806 3993 atquc
820 3925 915 3981 unicus
924 3924 973 3981 liei
1022 3930 1100 3989 statis
1112 3930 1200 4002 potuit
1213 3939 1259 3986 aut
1272 3931 1364 3987 debuit
1379 3931 1530 4002 predicari,
1541 3946 1623 4001 quam
1637 3949 1698 3989 cum
1712 3933 1746 3989 de
1756 3932 1819 4005 Spi-

174 4019 278 4085 Patris,
292 4016 372 4075 simui
388 4025 511 4074 naturam
525 4024 645 4073 nostram
660 4016 972 4088 ptenamquesuscepit,
1023 4022 1076 4076 ritu
1090 4030 1184 4077 saneto
1197 4036 1230 4077 ex
1246 4021 1329 4078 liarra
1339 4021 1449 4092 Virgine
1461 4031 1540 4078 natus
1554 4022 1602 4079 Ilei
1616 4022 1698 4079 Filius
1709 4024 1818 4089 dicitur
1859 4052 1865 4065 ·

174 4111 225 4184 qui
238 4110 381 4167 veritatem
395 4110 423 4166 ln
436 4124 466 4166 se
478 4109 575 4165 animm
591 4109 715 4164 humanae
728 4107 768 4163 sio
781 4107 975 4165 demonstravit
1023 4110 1082 4182 lpse
1095 4111 1185 4182 opiter
1210 4111 1281 4168 illius
1304 4113 1391 4169 sancti
1413 4114 1534 4185 corporis
1552 4114 1704 4185 intentiori
1723 4115 1751 4171 Ιττ
1765 4130 1820 4187 quo

173 4211 206 4260 et
217 4203 317 4270 carnis,
332 4210 362 4257 nt
373 4201 515 4258 redtetem
527 4200 642 4256 tristitias
651 4200 815 4272 suscepisset
824 4208 853 4256 et
861 4199 972 4268 mortiet
1023 4218 1089 4275 ergo
1102 4204 1182 4275 digne
1195 4206 1284 4261 minor
1297 4203 1379 4261 Patre
1390 4205 1434 4262 rel
1446 4205 1515 4261 litio
1529 4205 1581 4261 dici
1596 4215 1696 4277 potest,
1710 4207 1756 4277 qui
1778 4216 1821 4263 est
1897 4232 1904 4243 =

174 4293 250 4349 unde
264 4293 325 4348 ait:
342 4291 435 4347 Trirds
455 4299 494 4347 ett
516 4292 604 4345 aalma
627 4307 685 4347 meo
706 4306 786 4364 arque
808 4290 844 4344 od
866 4298 975 4345 mortem
1024 4294 1108 4366 ipsius
1122 4296 1195 4352 unici
1208 4295 1269 4352 rilit
1286 4296 1334 4352 Dei
1351 4297 1497 4352 secundum
1517 4311 1626 4353 carnem
1640 4306 1748 4354 creator
1762 4313 1821 4353 um·

175 4380 289 4455 (Horti.
314 4398 397 4450 tren,
420 4382 484 4453 ὃδὴ
515 4390 659 4454 propterea
682 4382 710 4437 in
733 4379 863 4454 symbolo
886 4381 974 4452 ipsum
1024 4386 1170 4456 tripotens?
1190 4384 1254 4442 Hae
1268 4395 1311 4442 est
1324 4384 1442 4442 Trinitas
1455 4402 1525 4442 uitus
1539 4387 1610 4441 ileus
1618 4387 1717 4455 ,culus
1730 4370 1821 4443 sacra-

174 4468 289 4533 nnicum
304 4475 358 4531 uei
369 4474 476 4541 lilium,
491 4489 579 4544 quem
586 4472 619 4529 de
633 4472 734 4543 Spiritu
747 4482 840 4530 sancto
850 4481 880 4529 et
889 4471 975 4529 llaria
1025 4483 1146 4531 mentum
1160 4484 1255 4532 saneto
1268 4475 1397 4548 Symbolo
1408 4476 1572 4540 continetur,
1582 4484 1694 4546 propter
1707 4475 1801 4546 quod
1794 4494 1820 4533 m

174 4564 545 4636 Virginenatumlatemur‚
566 4562 724 4619 crutitlnum
738 4577 846 4633 quoque
860 4560 975 4618 dicimus
989 4538 1135 4635 ignomine
1153 4564 1262 4628 Patris,
1278 4574 1305 4621 et
1319 4564 1395 4631 iiiii,
1411 4565 1569 4635 etSpiritus
1589 4565 1676 4621 sancti
1698 4573 1821 4622 sanctum

174 4666 207 4713 et
229 4655 389 4727 sepullum:
412 4663 442 4710 ut
469 4655 496 4711 in
520 4670 555 4711 eo
577 4654 656 4709 sitnul
685 4635 846 4724 agnoscatur
874 4651 975 4710 neritus
1026 4658 1158 4730 baptisma
1177 4657 1266 4713 datur.
1293 4656 1424 4714 liemissio
1445 4673 1509 4713 tero
1523 4667 1714 4728 peccatorum,
1733 4658 1823 4715 carnis

177 4750 454 4819 utriusqucnaturte‚
474 4760 554 4818 quem
568 4745 745 4802 detriverunt
758 4743 844 4799 Deum
858 4744 976 4800 ostendit
1025 4750 1209 4818 resurrectio,
1229 4756 1257 4806 et
1275 4747 1329 4805 rita
1347 4755 1470 4814 =,cterna
1486 4754 1630 4820 propterea
1652 4748 1679 4803 in
1693 4746 1822 4819 Spitbolo

175 4840 330 4897 divinitatis
343 4848 452 4894 reternte
466 4837 603 4907 maiestas.
618 4835 654 4891 ita
668 4850 761 4891 rerum
776 4834 912 4890 bominem
925 4833 975 4890 do⁴
1026 4848 1088 4911 post
1101 4837 1384 4896 cumtriemorationem
1395 4846 1495 4895 sanctae
1506 4834 1646 4897 Trinitatis
1658 4836 1822 4907 adiungitur,

175 4937 226 4985 0⁰¹
242 4927 339 4984 (¹³⁹¹ssae
352 4927 526 4998 billidfliidfii
546 4924 691 4980 humum&
716 4922 788 4979 ⁰²⁰⁵
809 4924 909 4995 (tuille
931 4922 977 4979 5¹¹⁰
1027 4938 1059 4987 ut
1072 4929 1144 4985 iliius
1157 4928 1333 4985 cotrtessionis
1346 4928 1460 4997 utilitas,
1474 4926 1554 4997 liujus
1565 4926 1698 4983 mercedis
1710 4924 1823 4994 subjun-

174 5021 228 5092 qui
241 5028 285 5077 0⁵¹
300 5020 334 5076 1¹⁰
351 5017 432 5075 ¹²²¹?ss
446 5026 554 5075 immi
567 5015 687 5073 omnium
706 5030 811 5081 rerum,
831 5014 918 5071 facilit
937 5023 978 5071 etl
1028 5022 1119 5078 ctione
1132 5026 1310 5076 monstretur.
1334 5019 1375 5075 Ad
1388 5017 1440 5074 hoc
1460 5018 1532 5074 enirn
1547 5017 1619 5071 utilis
1631 5025 1673 5071 est
1689 5015 1755 5071 tides
1770 5015 1824 5071 l’a·

174 5110 216 5166 de
229 5109 340 5180 Virgine
361 5109 495 5165 mediator
518 5106 566 5162 uei
588 5114 617 5161 et
628 5103 789 5162 'bominum
812 5104 872 5177 lpse
885 5114 978 5162 autem
1030 5110 1089 5174 tris,
1105 5116 1133 5166 et
1145 5108 1214 5175 Filii,
1231 5117 1258 5163 et
1270 5107 1386 5180 Spiritus
1398 5106 1494 5173 sancti,
1509 5106 1589 5161 υυίυς
1602 5104 1706 5162 seilicet
1719 5098 1824 5171 eterni,

176 5203 318 5259 mediator
331 5217 384 5258 non
405 5200 492 5265 deret,
506 5199 530 5255 si
544 5199 571 5254 in
585 5212 615 5255 se
629 5212 683 5253 uno
696 5197 839 5253 ueritatem
860 5204 979 5268 paterntc
1028 5200 1098 5268 reri,
1113 5207 1142 5255 ct
1154 5198 1218 5256 boni
1240 5198 1288 5254 liei
1301 5238 1309 5264 ,
1323 5207 1353 5254 ut
1367 5198 1551 5254 remissionem
1567 5203 1738 5267 peccatorum
1753 5194 1825 5261 acci7

174 5300 368 5364 maternaeque
383 5289 541 5347 substantie
555 5302 608 5344 non
624 5287 744 5342 baberet.
770 5284 848 5341 Sicut
866 5286 936 5341 enim
952 5286 979 5343 in
1030 5291 1151 5362 piamus,
1167 5296 1194 5345 et
1208 5288 1235 5343 iu
1249 5288 1300 5344 ista
1315 5303 1397 5344 carne
1411 5288 1438 5343 in
1455 5302 1508 5357 qua
1523 5301 1594 5342 nune
1608 5285 1722 5340 vivimus
1736 5299 1833 5339 resur·

176 5396 218 5438 eo
231 5396 325 5438 sumus
337 5379 503 5438 reconciliati
517 5395 566 5450 per
579 5386 693 5433 mortem
704 5375 764 5431 litii
775 5376 843 5444 eius,
857 5377 919 5446 quia
934 5376 980 5433 ille
1030 5387 1140 5451 gentes,
1156 5379 1182 5433 in
1197 5388 1327 5434 eternum
1342 5378 1422 5437 beate
1439 5378 1569 5434 tiramus.
1596 5375 1654 5447 ipsa
1673 5384 1715 5430 est
1728 5376 1832 5446 pictas,

176 5465 979 5538 mediatorrcraminsebabuitcarnem,seeundumquam
1031 5485 1091 5542 qum
1105 5469 1241 5525 adomnia
1260 5469 1333 5524 utilis
1355 5477 1409 5530 eat,
1429 5469 1625 5533 promissionem
1647 5466 1744 5522 iniens
1768 5470 1826 5523 rite

175 5562 335 5631 susciperet
344 5575 438 5617 verant
448 5566 579 5625 mortem
593 5557 633 5614 sic
646 5555 673 5612 in
683 5573 718 5613 eo
730 5556 807 5613 nobis
819 5556 989 5613 bencdeium*
1031 5560 1205 5632 praesentiret
1220 5561 1319 5643 futare
1343 5557 1370 5631 (l
1381 5558 1448 5615 iim.
1462 5576 1497 5625 ττ,
1508 5557 1553 5630 8);
1576 5557 1716 5630 presentis
1735 5557 1811 5627 utiqu

173 5650 300 5710 contulit
326 5666 399 5708 tere
420 5647 662 5714 reconciliationis,
682 5647 709 5702 in
730 5661 785 5717 quo
804 5655 846 5704 cst
863 5648 899 5705 illi
918 5665 979 5705 cunt
1030 5648 1118 5718 bone,
1132 5661 1160 5706 et
1174 5648 1268 5706 luturtc
1279 5657 1385 5707 acierum
1398 5665 1430 5706 ac
1442 5649 1536 5707 bealm
1548 5648 1724 5720 Sultjungitur
1736 5657 1825 5705 autem

222 5841 235 5872 ⁸
254 5834 367 5893 Videtur
380 5831 424 5890 hie
436 5830 534 5888 deesse
547 5829 696 5890 adderetur.
