4064 6344
247 311 298 371 8⁰1
630 256 633 267 ·
762 308 790 364 S.
812 305 997 364 cumeurn
1014 305 1166 364 urtscort
1181 305 1368 395 suscense
1836 306 1893 363 ana

246 444 342 497 semu,
355 428 410 497 itt),
424 435 454 483 ut
467 425 590 500 quamvis
603 425 676 480 toras
687 424 845 489 Ecclesiam,
864 431 911 483 aut
924 431 999 480 certe
1014 424 1041 478 in
1058 422 1292 493 Asoxageslmom
1306 420 1341 476 ad
1354 420 1533 486 continentes,
1558 425 1734 477 cennsnmn
1758 420 1796 478 ad
1810 423 1892 492 rirgi-

247 519 393 576 Ecclesiae
404 518 514 573 maloet
525 531 653 587 perverso
662 514 803 570 sacerdote
817 512 964 570 secundum
974 514 1044 568 bunc
1097 530 1157 571 nes.
1171 515 1210 570 lta
1224 514 1306 571 etiam
1322 512 1442 570 eccesia
1452 512 1585 569 catholica
1599 514 1626 567 in
1636 513 1678 568 bis
1687 514 1815 583 gradibus
1825 531 1880 572 con

246 610 369 682 regulam
381 609 563 680 baptizentur,
573 607 601 661 in
615 606 656 661 eis
667 605 822 660 nullatcnus
832 605 955 660 iteretur.
965 601 1048 659 Fides
1095 605 1189 664 stituta
1203 612 1255 668 est,
1270 605 1432 674 utquamris
1446 613 1501 660 tres
1514 606 1569 660 sint
1579 604 1688 674 gradus
1700 606 1792 661 multa
1802 614 1893 663 tamen

248 703 359 773 qnippe,
372 714 431 771 qnae
445 713 494 769 per
512 696 686 753 dilectionem
700 703 841 766 operatur,
857 712 872 749 a
886 703 979 750 sancta
994 693 1046 750 Ec·
1095 694 1253 752 differentiae
1266 694 1440 750 meritorum.
1453 694 1546 766 licque
1560 695 1693 765 animant
1706 709 1801 752 omnes
1816 698 1895 766 virgi·

248 793 331 849 ciceia
344 790 477 847 catholica
499 788 626 844 babetur.
650 786 738 855 Quam
759 788 878 843 baeretici
893 787 1049 842 nullatenus
1097 803 1145 845 nes
1167 790 1306 861 acqualiter
1327 790 1464 861 accipiant
1486 792 1626 861 premium
1649 791 1730 862 regui
1750 793 1893 860 crementa,

248 880 510 951 babercprobantnr
525 897 533 933 ι
547 879 611 951 quia
629 894 724 935 reuera
739 878 807 935 tides
827 879 886 934 sola
900 894 954 934 non
969 878 1045 933 suill-
1096 891 1145 937 aut
1164 898 1259 940 omnes
1283 884 1466 950 continentes,
1488 891 1537 939 ant
1559 899 1654 940 omncs
1676 883 1896 956 conjugatizsed

249 974 298 1038 cit,
313 971 366 1027 uisi
386 971 471 1027 Deum
493 970 608 1027 credens
621 970 720 1040 diligas
732 970 829 1036 omn,
852 970 1047 1049 preceptisque
1096 975 1269 1047 umequisque
1280 976 1414 1045 propedem
1428 973 1569 1031 mercedem
1590 975 1708 1046 accipiet,
1724 975 1763 1030 ait
1775 976 1894 1047 Aposto-

249 1063 309 1133 ejm
322 1061 445 1119 obedias.
472 1060 588 1118 obedire
600 1062 743 1134 preceptis
756 1061 816 1130 ejus
833 1071 943 1117 estnon
958 1059 1047 1117 lacere
1097 1065 1151 1133 lus,
1164 1066 1304 1120 eraricum
1318 1080 1391 1119 enirm
1406 1063 1522 1146 laborem
1537 1062 1565 1135 (l
1579 1063 1639 1119 Gor.
1655 1079 1693 1130 ur,
1709 1063 1749 1134 8).
1764 1063 1908 1135 litquan·¹

248 1154 360 1219 malum,
375 1153 506 1211 etlacere
517 1155 628 1218 ιοιιιι,
643 1168 764 1224 pugnare
785 1161 878 1210 contra
896 1153 1045 1217 diabolum,
1099 1160 1155 1208 turn
1176 1152 1292 1222 amplius
1314 1153 1382 1207 alios
1405 1152 1459 1207 allo
1477 1151 1607 1207 obediens
1622 1150 1678 1207 lieo
1703 1150 1763 1218 luit,
1787 1160 1899 1212 uulnus

249 1245 296 1315 qni
310 1258 419 1301 onmom
435 1254 557 1301 nostram
581 1244 615 1299 ad
630 1245 714 1302 ὓιιιι
736 1245 890 1302 tendentem
916 1244 1049 1315 impedire
1098 1243 1215 1315 amplius
1228 1244 1360 1321 mercedis
1373 1245 1501 1315 accipiet.
1515 1243 1549 1297 Et
1562 1259 1622 1314 quse
1643 1244 1694 1299 crit
1709 1245 1759 1302 ista
1779 1260 1900 1312 meroes,

249 1338 396 1395 momentis
418 1338 529 1408 singulis
550 1337 654 1394 nititur.
680 1336 757 1393 Unde
777 1337 855 1409 juata
876 1337 1046 1408 Apostolum,
1098 1332 1142 1389 uel
1155 1335 1305 1403 preprium,
1320 1334 1371 1389 nisi
1386 1334 1525 1405 ipselicus
1539 1335 1678 1406 premium
1699 1336 1811 1394 virtutis
1826 1338 1898 1394 erit?

251 1436 374 1501 tanqum
388 1429 428 1485 leo
443 1430 549 1500 repient
567 1430 659 1483 cirrrtlt
677 1445 795 1500 quarens
808 1444 882 1500 quem
902 1427 1004 1482 decoret
1019 1426 1047 1495 (i
1099 1423 1171 1478 Dixit
1181 1423 1290 1491 quidem
1305 1442 1312 1476 :
1328 1421 1357 1477 le
1370 1425 1413 1496 qui
1427 1425 1545 1478 virtatem
1559 1424 1643 1491 dedit,
1654 1427 1697 1498 qai
1712 1426 1783 1482 dedit
1797 1437 1901 1482 euton-

226 1556 231 1566 ·
250 1519 325 1576 Petr.
341 1536 367 1583 r,
385 1520 412 1592 8)
430 1538 436 1575 :
452 1520 495 1576 cui
508 1519 688 1576 resistendum
703 1528 746 1576 cst
758 1520 785 1575 in
799 1518 851 1576 lide
864 1519 980 1595 lurtitcr.
1100 1515 1168 1570 tibus
1186 1515 1329 1580 uictoriam,
1353 1516 1408 1586 ipse
1420 1516 1510 1589 procrrl
1530 1514 1607 1571 dolio
1620 1518 1671 1571 erit
1685 1535 1798 1574 corono.
1816 1517 1896 1587 Quod

880 1602 883 1607 ⁴
1099 1605 1282 1674 intelligimus,
1305 1614 1409 1661 mittum
1433 1606 1549 1676 amplius
1573 1607 1641 1663 alius
1662 1608 1718 1664 allo
1732 1608 1760 1664 in
1783 1608 1898 1664 illarita

504 1675 587 1746 338
603 1672 718 1729 CAPUT
737 1673 796 1730 ΧΠ·
919 1758 923 1764 ,
1099 1696 1185 1755 benun
1197 1697 1310 1764 uidebit,
1325 1705 1455 1767 quantum
1476 1697 1591 1767 amplius
1605 1697 1632 1753 in
1647 1698 1699 1753 bac
1711 1697 1765 1754 rita
1778 1712 1843 1754 ertio
1855 1698 1889 1755 dl-

288 1782 321 1840 st
334 1784 396 1841 licet
408 1784 529 1855 qnandiu
542 1786 569 1840 iu
582 1785 635 1841 boc
648 1784 749 1840 mundo
759 1784 911 1843 otortaliter
922 1783 1046 1852 sivimus,
1064 1788 1175 1865 plexit,
1191 1789 1386 1860 preceptisque
1397 1787 1456 1856 eius
1466 1788 1595 1844 obediens
1605 1787 1667 1845 luit.

251 1892 312 1933 erne
324 1885 438 1948 peccato
451 1892 512 1933 esse
524 1893 578 1932 nou
594 1892 752 1947 possumus;
766 1884 856 1932 ιιιιιι
870 1891 905 1933 ne
920 1876 983 1932 ullis
997 1878 1050 1932 cri-

140 1978 145 1987 ·
252 1967 369 2024 minibus
383 1966 563 2038 implicemur,
576 1976 605 2023 ut
620 1967 655 2022 ad
669 1967 727 2036 ejus
741 1967 882 2022 servitium
897 1967 1049 2033 redeamus,
1397 1941 1512 1999 CAPUT
1530 1941 1599 1997 ΧῙῙΙ·

253 2065 359 2113 etvasa
379 2056 550 2128 ejuscllecti‚
566 2073 674 2113 rursum
696 2057 943 2128 incipiatbabitare
957 2057 985 2113 in
1000 2074 1051 2114 no·
1139 2059 1246 2117 Sedet
1276 2059 1303 2113 in
1326 2058 1385 2128 ipsa
1406 2072 1487 2113 carue
1510 2057 1706 2126 resurgentium
1729 2065 1902 2115 mortuoram

136 2215 140 2223 ,
253 2148 310 2212 bis;
322 2163 381 2218 qnae
391 2148 446 2203 siut
458 2148 608 2206 criminalia
624 2156 748 2219 peccata,
763 2157 790 2204 et
800 2147 939 2221 Scriptura
949 2149 1053 2220 diviua,
1103 2150 1194 2205 multae
1204 2159 1285 2204 eruut
1298 2147 1455 2203 differentiae
1469 2147 1609 2215 claritatis,
1623 2147 1731 2205 dicente
1744 2149 1896 2221 apostolo:

254 2247 282 2294 et
294 2239 436 2295 inundans
446 2240 520 2309 leges
533 2240 639 2310 publice
654 2240 782 2310 paninum
804 2240 853 2296 sed
867 2249 896 2296 et
908 2241 1051 2297 cooscien·
1103 2240 1162 2293 rtiio
1172 2238 1279 2293 clorims
1294 2238 1369 2303 solis,
1382 2238 1435 2291 olio
1445 2238 1554 2292 claritas
1563 2239 1641 2305 intre,
1658 2239 1712 2295 olio
1721 2240 1829 2295 clontm
1842 2241 1901 2313 stel-

254 2329 292 2384 tia
305 2338 351 2385 tua
366 2345 427 2401 que
441 2331 475 2385 ab
490 2330 544 2386 allo
558 2344 612 2386 non
627 2329 685 2385 init
698 2329 764 2401 pati,
780 2345 835 2386 non
849 2330 951 2397 nescim
971 2332 1019 2387 sed
1029 2331 1052 2386 si
1102 2328 1197 2383 lurum.
1214 2328 1299 2385 Stella
1312 2329 1381 2383 eninr
1396 2327 1428 2382 ab
1443 2329 1519 2382 steila
1533 2329 1621 2397 differt
1634 2329 1662 2383 in
1673 2329 1805 2393 amatote,
1819 2331 1901 2403 339

253 2421 324 2479 loric
338 2431 400 2495 post
414 2422 579 2494 baptismum
602 2422 736 2492 aliquibus
758 2422 916 2478 criminibus
939 2423 1053 2487 inuoluti
1102 2424 1141 2478 ito
1151 2424 1200 2478 erit
1212 2430 1237 2476 et
1248 2421 1401 2477 ressurrectio
1415 2430 1577 2475 mortuorunt
1592 2419 1619 2492 (l
1634 2422 1694 2476 Cor.
1711 2438 1758 2489 xv,
1773 2421 1834 2492 ll).
1849 2422 1901 2494 lgi-

254 2528 357 2576 sumus,
381 2528 435 2568 non
451 2513 541 2583 pigeat
554 2511 742 2589 poeniteutiam
767 2525 860 2581 agere,
884 2518 913 2567 et
935 2513 1053 2567 contrito
1105 2522 1150 2570 tur
1170 2527 1338 2583 quacunque
1360 2521 1543 2582 corpoream
1565 2512 1634 2581 ignis
1654 2513 1836 2583 consumpsit,
1855 2521 1902 2570 aut

255 2601 338 2657 corde
352 2609 380 2656 et
392 2611 507 2672 corpore
516 2615 532 2655 a
541 2598 599 2657 lieo
611 2598 804 2671 indulgentiam
816 2599 964 2671 postulare.
986 2600 1053 2656 llam
1103 2605 1190 2661 bestia
1211 2603 1365 2669 devoravit,
1380 2611 1427 2656 aut
1440 2617 1510 2670 equa
1528 2602 1679 2668 absorbuit,
1702 2602 1748 2658 illo
1760 2611 1901 2660 momento

172 2734 178 2745 .
256 2693 302 2763 qui
315 2693 367 2749 sibl
381 2700 492 2764 peccata
514 2693 624 2763 impune
639 2693 764 2748 ridentur
784 2693 964 2760 committere,
989 2694 1054 2749 dum
1104 2694 1237 2764 temporis
1252 2703 1334 2765 atque
1356 2694 1412 2749 ictu
1425 2692 1499 2749 oculi
1512 2701 1665 2763 resurgent,
1688 2693 1716 2748 iu
1734 2708 1801 2751 sexu
1815 2709 1905 2752 nnm-

254 2780 370 2838 lortasse
393 2782 497 2855 aliquas
519 2782 709 2855 eleemosynas
731 2784 758 2837 in
782 2794 915 2852 pauperes
941 2783 1053 2852 iaciunt,
1103 2787 1218 2857 quisque
1231 2792 1487 2857 quomortunsest;
1503 2785 1739 2855 mescuinsitaque
1752 2786 1779 2841 in
1792 2801 1902 2843 mecu-

254 2871 369 2927 multum
383 2870 522 2926 falluntur.
537 2870 665 2927 Nesciunt
679 2871 752 2925 enim
766 2870 838 2940 quod
852 2885 922 2941 opus
946 2870 1053 2927 miseri·
1103 2876 1169 2942 lino,
1195 2886 1223 2932 et
1246 2875 1346 2932 femina
1368 2876 1398 2930 in
1415 2873 1555 2931 lerninino.
1578 2875 1656 2942 Quod
1680 2890 1745 2932 vcro
1758 2878 1905 2945 resurgam

255 2963 356 3018 cordiae
371 2963 486 3032 primum
500 2963 535 3017 sit
544 2963 663 3032 seipsum
674 2961 730 3017 Deo
743 2960 850 3027 ollcrre,
866 2970 893 3018 et
908 2963 947 3018 sic
961 2962 987 3016 in
1001 2962 1053 3018 aliu
1103 2968 1215 3034 mortni,
1230 2968 1361 3023 [laurinus
1371 2967 1397 3023 in
1412 2966 1559 3037 Evangelio
1573 2967 1630 3022 ait:
1649 2965 1711 3023 Non
1721 2968 1822 3039 lecistis
1834 2968 1905 3040 qaod

255 3050 468 3106 misericordiam
482 3049 581 3105 lacere.
597 3049 644 3105 Sic
658 3051 730 3105 enirn
744 3050 883 3120 Scriptura
898 3052 937 3105 ait
952 3070 959 3105 z
975 3050 1054 3107 llise·
1104 3058 1167 3110 dicit
1181 3056 1307 3115 llomiuns
1321 3058 1356 3112 od
1372 3057 1491 3129 idopsern
1511 3057 1543 3112 de
1561 3056 1625 3111 rubo
1641 3056 1721 3128 :qu
1733 3056 1805 3113 liena
1818 3058 1906 3112 Abro-

256 3161 312 3199 rere
322 3144 418 3197 ouimoe
429 3152 479 3198 ture
490 3143 596 3215 placens
611 3142 666 3197 Dee
685 3141 780 3214 (Ereti.
793 3159 858 3209 xxx,
874 3142 937 3210 ein
954 3153 981 3199 et
1000 3145 1089 3237 iic-c
1104 3149 1175 3215 luam,
1189 3148 1435 3217 connaissance
1449 3149 1520 3205 oeus
1538 3149 1620 3204 torol
1635 3149 1712 3222 (Lac.
1725 3166 1771 3219 ιι,
1788 3150 1858 3222 titt
1871 3150 1907 3206 Et

256 3250 317 3291 rum
331 3251 337 3287 r
351 3233 402 3299 Qui
424 3232 473 3288 ribi
494 3249 602 3305 rreqnum
622 3243 670 3299 est,
692 3235 732 3287 cni
751 3232 832 3288 iuraui
845 3233 939 3304 (Ereti.
955 3252 989 3301 m,
1006 3235 1053 3306 bl?
1104 3240 1269 3295 subnectens
1283 3239 1427 3311 adjungit:
1449 3239 1512 3296 Noe
1526 3250 1565 3295 est
1579 3238 1651 3296 bear
1669 3251 1844 3310 mortuoram,
1859 3242 1908 3299 sed

255 3327 328 3398 Ergo
342 3327 471 3384 laciendec
482 3337 546 3383 surtt
559 3327 753 3400 eleemosynae,
774 3326 821 3384 scd
835 3336 898 3383 aute
912 3338 975 3383 sunt
987 3328 1052 3383 vitia
1104 3331 1228 3385 tinorum.
1241 3328 1336 3387 Omnia
1350 3334 1418 3387 enim
1430 3333 1516 3387 uiuant
1528 3330 1656 3401 eilliid„
1665 3331 1728 3404 58),
1743 3339 1771 3388 et
1785 3332 1906 3389 iterum:

256 3421 443 3492 relinquenda.
465 3419 578 3475 linitum
597 3420 679 3490 igitur
691 3418 819 3474 dillcrunt
831 3419 866 3474 ab
881 3420 923 3475 bis
943 3421 990 3490 qui
1004 3436 1053 3476 te·
1106 3419 1178 3474 Tunc
1192 3437 1293 3487 omnes,
1307 3421 1405 3491 iuquit,
1419 3422 1464 3494 qai
1482 3423 1508 3476 iu
1524 3422 1696 3477 nmnnnmrtie
1706 3430 1776 3488 sant,
1795 3422 1909 3477 cadim

257 3524 327 3570 stern
341 3527 417 3569 suam
432 3511 573 3569 candidam
588 3519 774 3578 servaverunt,
790 3511 837 3581 qul
848 3511 915 3566 tales
926 3519 957 3565 ιι
968 3512 1054 3567 renati
1105 3527 1190 3566 nocem
1200 3509 1266 3565 rtur
1279 3509 1341 3580 oet,
1353 3522 1378 3565 et
1392 3522 1526 3584 reserpent
1537 3512 1582 3583 qni
1599 3511 1668 3566 iona
1682 3514 1798 3584 lecerunt
1815 3517 1847 3568 ia
1864 3527 1909 3568 re-

256 3590 329 3671 stant,
345 3606 492 3661 auxiliante
510 3604 635 3672 Domino,
651 3619 737 3674 usque
750 3603 785 3659 ad
799 3602 880 3659 llncrn
894 3604 982 3659 exitus
993 3619 1055 3674 per·
1104 3601 1291 3656 surrectionem
1301 3601 1369 3663 rita,
1381 3601 1425 3673 qni
1435 3618 1494 3657 sero
1503 3602 1575 3656 mola
1584 3609 1690 3672 eperunt
1700 3603 1727 3657 in
1737 3603 1911 3658 resurrectio·

257 3704 382 3752 severant
398 3713 404 3750 :
420 3694 517 3767 quibus
535 3694 692 3765 quotidiana
706 3693 794 3750 oratio
816 3692 916 3748 sulllclt
940 3693 974 3748 ad
997 3694 1054 3749 sol·
1105 3690 1164 3747 nene
1184 3692 1276 3764 judicii
1292 3692 1385 3765 (loon.
1401 3709 1427 3759 r,
1442 3692 1488 3759 28,
1512 3692 1569 3764 ιθ).
1584 3693 1651 3755 Nam
1672 3702 1701 3750 et
1713 3693 1777 3750 aiibi
1793 3694 1908 3767 (idatii

257 3788 344 3846 rerrlla
357 3788 468 3844 minima
483 3787 592 3855 delicta,
616 3802 676 3857 queo
690 3787 717 3841 in
739 3786 793 3842 hoc
813 3801 929 3856 corpore
947 3786 1055 3841 mortali
1105 3802 1169 3852 ιιι,
1184 3785 1230 3857 lli)
1243 3786 1436 3845 misericordia
1446 3801 1528 3855 opera
1538 3801 1695 3855 numerans,
1705 3787 1792 3842 bonos
1805 3797 1837 3843 et
1848 3804 1909 3844 ma-

258 3880 424 3950 subrcpoot;
439 3880 474 3933 de
488 3891 544 3947 quo
563 3892 594 3932 sc
609 3877 754 3946 Apostolos
768 3875 876 3931 liberari
889 3884 1001 3946 exoptat
1014 3876 1056 3931 di·
1106 3876 1148 3932 los
1162 3877 1340 3947 redarguens,
1351 3876 1402 3933 bos
1413 3877 1478 3933 dicit
1491 3876 1531 3932 ire
1544 3877 1573 3933 lu
1585 3877 1747 3948 supplicium
1760 3884 1911 3937 eternum.

258 3984 343 4025 cens:
358 3968 457 4041 lrrlelia
470 3984 518 4039 eqo
534 3969 609 4023 bomo
620 3969 631 4022 l
641 3969 698 4036 quis
712 3984 753 4021 rne
772 3967 892 4021 liberabit
902 3968 935 4022 de
948 3984 1056 4039 corpore
1107 3966 1197 4023 sorios
1220 3968 1303 4023 etiarn
1326 3967 1457 4038 suscipiet
1476 3967 1604 4036 gaudium
1626 3969 1820 4039 sempiternum
1836 3987 1845 4036 ;
1862 3969 1910 4024 ubi

258 4058 351 4113 mortis
362 4058 459 4129 inme?
473 4056 566 4112 Gratia
578 4056 628 4110 liei
645 4074 691 4129 per
707 4055 797 4111 lerum
819 4056 950 4112 Gliristum
962 4056 1055 4114 llonri·
1106 4072 1167 4112 cum
1177 4057 1234 4112 lieo
1246 4072 1297 4112 suo
1308 4056 1367 4112 siue
1378 4052 1601 4127 booreguabunn
1615 4058 1687 4113 etde
1698 4072 1746 4113 sua
1757 4058 1913 4115 stabilitate

259 4162 322 4201 emm
337 4154 456 4202 nosram
479 4144 569 4215 (llam.
585 4162 631 4212 ru,
655 4145 710 4215 il).
732 4144 800 4200 Nam
825 4154 854 4201 et
876 4147 1006 4206 Dominus
1028 4149 1055 4204 in
1106 4147 1281 4213 securi,nibil
1293 4162 1342 4202 cos
1356 4146 1482 4203 indecens
1493 4145 1647 4203 delectabit.
1661 4144 1819 4215 Ubicunque
1831 4148 1910 4205 catu

259 4235 405 4306 Evangelio
428 4235 536 4307 (llattlr.
562 4252 618 4302 xrrr,
644 4234 689 4307 25)
718 4244 774 4292 tres
800 4235 954 4293 fertilitates
977 4247 1056 4293 terroe
1106 4253 1201 4294 eorum
1215 4237 1328 4307 spiritus
1342 4236 1403 4302 erit,
1424 4236 1550 4306 protinus
1568 4237 1595 4291 in
1614 4236 1685 4292 coelo
1700 4251 1771 4292 noro
1791 4245 1819 4292 et
1835 4245 1915 4295 terra

260 4325 388 4392 ostendit,
407 4325 432 4381 id
445 4333 488 4382 est
501 4333 556 4381 tres
568 4325 667 4395 padus
682 4326 816 4380 bonorum
830 4326 856 4381 ln
872 4325 993 4383 Ecclesia
1006 4328 1055 4384 de·
1107 4343 1186 4383 nora.
1206 4326 1292 4383 llalos
1304 4336 1397 4383 autem
1413 4326 1543 4397 suscipiet
1559 4327 1627 4396 ignis
1639 4336 1767 4394 aeternus,
1792 4344 1870 4401 quos
1884 4330 1913 4386 in

259 4418 430 4484 inaustrarit,
456 4416 629 4481 tricesimum,
656 4416 864 4486 sexagesimum,
888 4425 917 4471 ct
939 4417 1057 4473 centesi·
1107 4427 1267 4491 perpetuum
1281 4418 1422 4476 cruciabit.
1437 4418 1487 4475 illi
1501 4421 1692 4477 immissorum
1706 4425 1915 4490 rtonmorietrrn

260 4526 345 4567 mum.
373 4507 448 4565 Unde
470 4516 498 4564 et
522 4523 585 4564 arca
609 4507 677 4575 lloe,
698 4522 758 4579 quae
780 4507 941 4577 significarit
961 4507 1056 4564 Eccle-
1071 4552 1094 4611 D
1107 4521 1133 4566 et
1151 4513 1220 4582 iqnie
1242 4527 1295 4566 non
1318 4509 1668 4583 caedequetnrtilaro.1x,
1691 4509 1748 4582 lit.
1774 4492 1913 4583 ideoque.

261 4603 340 4669 siam,
361 4601 523 4657 bicamerata
550 4600 776 4668 tricamerataque
800 4599 867 4664 lnit;
892 4600 1055 4670 signiticans,
1109 4603 1258 4668 carissime,
1272 4602 1449 4671 satagendum
1462 4610 1514 4667 est,
1534 4610 1563 4656 et
1572 4601 1673 4671 jugiter
1683 4601 1732 4657 lici
1747 4602 1916 4659 misericor·

263 4705 294 4752 ut
316 4695 453 4758 diximus,
483 4700 539 4747 tres
562 4691 670 4760 grados,
695 4700 743 4746 aut
766 4693 893 4758 ordines,
911 4707 980 4762 quos
1003 4703 1060 4748 tra·
1109 4691 1154 4748 dia
1164 4691 1341 4763 imploranda,
1356 4698 1385 4746 ut
1404 4690 1506 4756 sobrie,
1522 4691 1577 4763 pie,
1589 4692 1663 4761 juste
1678 4693 1844 4749 riramusin
1860 4695 1918 4749 linc

264 4795 355 4842 ctores
367 4783 494 4841 Eccleuae
515 4783 549 4839 ad
575 4781 746 4852 conjugatos,
769 4784 939 4839 continentes
960 4784 1057 4841 etnir-
1111 4782 1220 4848 seculo,
1244 4791 1376 4851 quatenos
1399 4781 1535 4852 possimus
1554 4783 1687 4839 celorum
1711 4782 1864 4853 pervertite
1889 4784 1918 4840 in

262 4876 512 4945 gines'retulcrnnt
528 4854 704 4928 ’'iriccsitnum
720 4872 825 4928 seilicet
838 4871 872 4927 ad
885 4872 1057 4943 conjugatos,
1112 4886 1176 4941 regi·

778 5093 854 5201 S.
893 5081 1399 5215 Wffiffl'l'll

302 5166 312 5175 ⁵
353 5264 638 5397 nouum
679 5260 1062 5379 sunnonem
1104 5260 1515 5379 rnsrrmosr
1551 5208 1822 5409 iuraui,

722 5436 787 5512 ab
824 5430 1099 5531 VICTOREM,
1140 5434 1286 5514 LIBER
1314 5434 1471 5518 ullus,

970 5555 1197 5573 Μ

284 5023 359 5033 ...ι
1853 5025 1921 5035 -ι-η

478 5615 683 5690 melll’ll'l
701 5615 846 5672 PlililUll.
1111 5616 1230 5673 clatione
1240 5624 1320 5687 atque
1327 5616 1466 5673 alacritate
1475 5606 1557 5674 anirui
1571 5621 1931 5691 recenserem,errlrjecrum
2015 5662 2016 5671 ,

300 5712 367 5769 Cum
379 5720 439 5769 tuas
453 5712 566 5777 litteras,
576 5710 714 5767 carissime
728 5710 764 5765 tili
777 5709 879 5777 Victor,
896 5709 958 5765 lldei
969 5717 998 5766 et
1011 5725 1060 5766 ca·
1112 5709 1211 5780 reperi,
1232 5724 1311 5779 quent
1326 5708 1392 5765 mibi
1406 5708 1582 5766 refellendum
1597 5710 1748 5777 destinasti,
1765 5712 1929 5777 Fasti.1iosi
2015 5698 2016 5735 ¹

268 5804 476 5863 ritatisodnrcm
498 5802 685 5859 suavissimum
705 5804 893 5868 continentes,
910 5810 967 5858 tota
987 5802 1061 5859 dolc·
1093 5818 1275 5861 ¹sennonem.
1304 5801 1364 5870 Quo
1385 5804 1532 5873 recensito,
1558 5813 1634 5860 tanto
1662 5805 1734 5860 dolui
1760 5808 1930 5881 perditum,
