4106 6330
139 339 1750 399 mm·-
1790 371 1797 383 ·

255 528 806 1000 sunm
890 739 1331 1007 edun
1421 755 1599 1023 iv

820 1322 1061 1394 dormis.

794 1539 840 1597 (Er
864 1538 928 1588 fthro
950 1541 1101 1603 pontificati.)

176 1872 190 1900 ι
201 1859 276 1916 felix
299 1856 408 1913 natione
421 1853 545 1911 Summus
558 1852 710 1924 (Samnita),
725 1868 758 1906 cr
779 1862 856 1921 patre
869 1852 922 1907 ea·
937 1870 961 1924 Α
974 1859 1120 1929 Saturnini,
1134 1864 1303 1937 virissimis,
1318 1883 1399 1938 quam
1409 1884 1424 1923 a
1436 1871 1494 1926 sofo
1508 1873 1610 1928 refecit.
1622 1876 1763 1942 Quietiam

137 1952 233 2019 sturio,
248 1949 262 1989 ¹³
275 1948 345 2003 sedit
357 1959 443 2001 annos
455 1943 473 1997 4
487 1957 594 1999 menses
606 1941 624 1995 ἲ
636 1942 693 1998 dies
704 1943 738 1997 15
762 1942 817 2014 (au.
830 1943 847 1997 ὅ
861 1960 897 1998 m.
910 1942 928 1996 2
977 1949 1116 2007 ordinatus
1127 1960 1168 2007 est
1182 1968 1242 2008 curn
1256 1956 1356 2042 quiete,
1369 1966 1398 2013 et
1410 1959 1476 2014 vixit
1497 1975 1582 2032 uspuc
1595 1965 1628 2020 ad
1643 1975 1762 2039 tempora

139 2041 165 2094 d.
178 2038 222 2104 fi,
235 2053 251 2093 a
264 2035 300 2090 at
312 2034 374 2090 fufii
393 2050 438 2088 an.
453 2032 530 2103 ost).
558 2030 619 2087 ruit
645 2040 735 2086 autem
760 2033 927 2103 temporibus
977 2036 1132 2096 athalarici.
1148 2039 1198 2096 Hic
1211 2040 1274 2098 fecit
1287 2044 1471 2103 ordinationes
1484 2048 1551 2105 duas
1561 2051 1589 2106 in
1604 2053 1669 2110 urhe
1679 2054 1761 2113 Rrsrua

138 2124 297 2183 Theoderici
310 2123 380 2191 regis
394 2130 422 2177 et
435 2123 474 2191 (a)
487 2118 756 2187 fmtiuianihussusti,
765 2120 927 2176 acousuiatu
976 2139 1025 2193 per
1046 2141 1165 2182 mensem
1193 2127 1366 2187 Februarium
1389 2143 1417 2188 et
1435 2134 1558 2193 Martium
1572 2157 1578 2192 :
1595 2143 1762 2216 presbyteros

138 2215 253 2270 hfahurti
265 2210 411 2286 (Mavortii)
426 2224 511 2279 usque
524 2209 558 2264 ad
572 2209 741 2265 consulatum
754 2208 890 2281 Lampadii
900 2220 928 2266 et
977 2208 1020 2277 55,
1032 2212 1162 2270 diaconos
1176 2213 1203 2277 i,
1224 2216 1367 2295 episcopos
1379 2235 1429 2289 per
1441 2221 1546 2279 diversa
1571 2227 1630 2283 foca
1642 2228 1688 2286 29.
1713 2230 1762 2299 Qui

121 2361 125 2368 ,
138 2306 250 2374 breem,
268 2320 285 2360 a
305 2304 349 2359 die
370 2319 397 2358 ru
424 2300 517 2356 iduum
529 2298 660 2355 tatianum
676 2316 760 2371 usipue
773 2302 802 2356 iu
819 2301 890 2357 diersa
901 2317 927 2358 ru
976 2300 1058 2356 etiam
1071 2304 1192 2374 sepultus
1203 2311 1246 2360 est
1260 2306 1287 2360 in
1302 2306 1411 2365 basilica
1423 2310 1497 2366 beati
1510 2311 1585 2370 Petri
1599 2321 1725 2387 apostoli,
1738 2338 1761 2378 rs

138 2399 197 2457 idus
211 2396 343 2454 Octobris.
358 2393 409 2450 iiie
422 2391 486 2449 fecit
498 2392 635 2448 basilicam
648 2401 802 2447 sauctorum
825 2391 927 2448 Cusum
977 2391 1037 2448 idus
1048 2389 1173 2450 Octobris
1186 2394 1264 2465 (obiit
1275 2399 1441 2467 temporibus
1454 2399 1601 2460 Athalarici
1621 2409 1692 2477 ragis
1714 2413 1761 2467 ,up
1876 2436 1881 2443 ,

136 2498 165 2545 ot
179 2478 299 2543 [iamiam
313 2486 339 2552 in
353 2485 420 2541 urbe
435 2483 531 2549 Roma,
546 2483 576 2538 in
589 2483 649 2538 foco
662 2483 709 2553 qui
722 2483 873 2555 appellatur
883 2488 926 2539 sia
976 2481 1239 2556 die30ctobris,qui
1251 2489 1372 2557 sepuitus
1382 2499 1424 2545 est
1434 2492 1504 2562 apud
1517 2494 1760 2571 heatuanetrnrn).

136 2582 230 2639 Sacra.
255 2584 332 2649 juxta
352 2574 480 2646 templum
493 2575 566 2630 urhis
580 2573 681 2631 Romae.
694 2573 781 2644 fiujus
796 2577 925 2646 tempori·
976 2573 1010 2629 Et
1025 2586 1036 2613 ⁰
1050 2576 1165 2630 cessarit
1177 2576 1350 2646 episcopatus
1361 2579 1418 2634 dies
1431 2579 1458 2633 ὅ.

137 2668 188 2726 bus
200 2675 357 2741 consauupta
379 2676 421 2723 est
433 2666 555 2722 incendio
577 2666 686 2722 basilica
700 2666 787 2721 sancti
801 2669 926 2739 martyris

176 2834 184 2853 ·
198 2831 340 2887 fanenses
350 2830 408 2887 sire
426 2836 505 2883 tratas
518 2843 579 2911 quac
591 2827 631 2909 ad,
652 2835 794 2896 utramque
821 2829 926 2951 paginae
975 2827 1068 2908 rnayit.
1077 2826 1201 2883 berctus
1210 2829 1399 2911 ecciesiasticis
1410 2818 1483 2901 led&
1494 2849 1562 2904 (1¹¹³ss
1572 2840 1759 2908 promulgarit,

138 2914 216 2981 min
227 2897 534 2979 posthahhmumfdauss
545 2906 733 2978 exscripserat,
746 2911 925 2979 uosperura·
975 2911 1060 2977 rpsms
1081 2896 1177 2951 saitem
1196 2913 1306 2977 nomme
1325 2898 1616 2987 Constantinopolitaai
1640 2911 1759 2983 episcopi

139 2967 925 3106 affloppressismtitfhsdff¹¹⁰⁵
975 2965 1653 3102 dimidiisiiddiiddifiddi
1669 2980 1711 3034 “¹
1737 2984 1760 3037 ⁸⁵

139 3056 154 3094 ³
173 3119 187 3147 ι
198 3106 287 3180 pepe]
325 3107 483 3164 hemericus
499 3104 655 3185 interfector
665 3102 785 3185 ioannis,
797 3076 924 3176 usurpata
975 3103 1095 3173 episcopi
1108 3077 1276 3160 assmnere’t:
1292 3107 1339 3160 sed
1360 3109 1449 3177 potius
1474 3057 1759 3175 ushaentteosmcffiff

138 3177 190 3233 sibi
198 3178 259 3247 iure
270 3186 372 3233 temere
385 3175 501 3244 eligendi
522 3184 550 3229 et
559 3172 715 3229 nominandi
728 3173 801 3228 sedas
813 3184 919 3254 aposto·
974 3181 1249 3243 nunrcoutemptares
1260 3178 1421 3231 auctoritate
1431 3179 1602 3249 imperatoria
1611 3198 1758 3245 coerceret.

137 3246 222 3303 iiixee
243 3248 363 3315 iscopurn
375 3264 383 3300 ι
395 3253 537 3324 postumus
547 3243 598 3298 hac
608 3245 682 3297 dere
694 3243 885 3365 quiuquaffmta
896 3255 924 3299 et
940 3225 962 3285 Β
975 3239 1042 3296 Cum
1067 3256 1104 3323 ex
1126 3243 1178 3298 hoc
1200 3242 1300 3300 foedere
1322 3243 1403 3300 Gothi
1416 3251 1614 3317 arrogantiores
1623 3253 1686 3312 facti
1698 3257 1759 3327 jura

140 3327 202 3372 octo
232 3316 481 3382 ieruminterregno
500 3312 679 3381 disceptatum
699 3320 780 3377 esset,
825 3312 922 3368 ehcem
974 3308 1152 3366 iiocfesrarum
1164 3311 1332 3380 invaderent,
1346 3325 1374 3369 et
1388 3317 1503 3373 ciericos
1517 3323 1617 3389 passim
1629 3324 1664 3380 ad
1676 3325 1758 3382 iaica-

140 3387 225 3441 sirum
237 3386 264 3439 in
275 3384 398 3439 Romano
408 3381 482 3437 clem
491 3380 706 3451 probatissimum
717 3381 876 3435 nominarit:
889 3398 923 3437 ne
974 3378 1010 3433 fia
1023 3380 1164 3436 tribunatia
1180 3384 1328 3450 traherent,
1342 3383 1416 3439 Felix
1426 3387 1547 3455 pontifex
1561 3406 1614 3447 naa
1628 3408 1689 3449 oum
1704 3396 1758 3452 ιω.

139 3468 191 3523 oua
202 3455 410 3510 mmanuesuae
420 3451 550 3506 voluntati
561 3449 649 3504 resisti
659 3458 761 3519 posset.
777 3448 880 3506 Accidit
890 3468 922 3507 ea
973 3464 1055 3505 suarm
1066 3450 1139 3506 clero
1150 3451 1184 3506 de
1197 3452 1240 3506 his
1253 3456 1323 3522 apud
1332 3455 1419 3523 ipsum
1430 3469 1522 3525 rupem
1532 3459 1706 3520 uehementer
1715 3480 1758 3521 ar·

136 3524 299 3589 nominatio,
313 3521 523 3643 nominatifaea
548 3527 606 3574 mta
616 3520 691 3574 ciero
705 3517 922 3589 factaapproba-
974 3520 1140 3588 postulavit:
1169 3523 1214 3587 qui
1241 3523 1286 3576 ubi
1300 3523 1475 3591 eosbenigne
1489 3528 1616 3596 audisset,
1633 3532 1757 3590 humani.

139 3593 186 3657 tio,
198 3593 430 3660 vigesimaquarta
457 3589 512 3652 ulii,
523 3604 567 3643 an.
580 3587 684 3643 Domini
698 3585 758 3641 526.
771 3585 866 3643 fustini
877 3591 925 3643 ini·
974 3597 1068 3655 terque
1092 3597 1243 3654 tractasset,
1262 3605 1294 3645 es
1319 3591 1437 3661 ipsorum
1446 3598 1578 3650 sententia
1590 3602 1756 3659 sanctionem

139 3662 272 3731 peratoris
294 3676 365 3715 anno
388 3660 423 3714 im
443 3660 493 3714 erii
513 3673 594 3722 nono,
616 3655 777 3712 Theudorici
797 3659 868 3725 regis
888 3658 922 3712 at
972 3657 1065 3721 edidit,
1090 3672 1143 3724 qrra
1171 3659 1239 3712 adeo
1266 3657 1366 3713 nefaria
1379 3670 1408 3714 et
1421 3661 1588 3731 inconcessa,
1601 3674 1755 3740 temereque

139 3728 405 3799 aunoregniftaiiae.
454 3727 587 3794 dabsque
597 3724 725 3780 dilatione
745 3724 814 3779 [icus
827 3737 921 3781 aucto·
972 3734 1143 3793 praesumpta,
1161 3726 1499 3797 heriomninoprohihuit.
1516 3731 1578 3801 ipsa
1595 3739 1755 3796 congrium„

139 3800 277 3854 remusati
285 3799 396 3855 sceleris
419 3796 616 3852 Theodericum
638 3808 746 3856 surum,
768 3794 920 3857 barbarum,
971 3802 1061 3848 exstat
1073 3794 1143 3863 apud
1153 3793 1285 3860 Cassiod..
1298 3795 1344 3850 fih.
1356 3812 1411 3864 nur,
1427 3814 1487 3869 cap.
1501 3798 1546 3856 at.

139 3869 440 3940 durumquetyrannum
451 3865 592 3935 repentina
611 3861 729 3943 vindicta
742 3861 851 3944 emfitus
872 3864 922 3917 im·
1007 3860 1147 3934 Dionysius
1160 3863 1287 3933 Exiguus,
1299 3866 1343 3934 qui
1358 3867 1484 3937 primusa
1499 3872 1638 3930 nativitate
1657 3875 1755 3935 christi

139 3935 425 4062 sindbfflisd
435 3932 799 4069 obstitissetis
809 3933 920 4058 aidi*
970 3935 1756 4065 iiiiddiiindidistiiddtd‘ifb‘⁰²¹⁶

140 4077 243 4145 piusde
310 4091 327 4129 o
364 4017 581 4137 ethorum‘fihm,
595 4086 656 4126 cum
669 4041 785 4125 eduam
808 4069 846 4124 iiii
871 4072 921 4126 mi·
970 4085 1041 4126 anuo
1055 4016 1221 4140 Felicisffpui
1245 4082 1288 4126 est
1300 4073 1398 4130 Christi
1411 4074 1472 4142 521,
1484 4018 1755 4152 cycfhm'pzffifflg

138 4138 921 4269 uistriappsosuisseussflmiraepraenitudiraispiflcis{aputfde-
970 4140 1235 4264 {¹⁰¹⁸⁰³⁹l⁰⁰¹¹¹.l{¹.d
1256 4140 1444 4264 95‚³'¹.¹”⁰¹¹!¹¹¹
1471 4149 1604 4230 curricula
1616 4154 1753 4276 gerduxit.

138 4223 695 4362 hidda,contaminatissimi
710 4224 920 4358 fddfdnffi
969 4215 1754 4365 trifidisobstitistis}iiiifhft'isi

137 4361 167 4407 et
179 4361 257 4408 torre
270 4351 432 4406 intuentibus
451 4350 536 4405 oculis
550 4346 689 4429 furibunde
701 4348 751 4401 sibi
775 4354 803 4426 et
823 4349 920 4428 acerbe
969 4345 1072 4428 Brutus)
1087 4347 1260 4417 pnnuflcatus
1269 4349 1375 4417 Felicis,
1387 4354 1433 4421 qui
1444 4363 1485 4409 est
1503 4353 1602 4413 Christi
1614 4359 1675 4417 mo.
1702 4363 1753 4421 fu-

138 4422 310 4486 uomminari3
323 4436 375 4490 qua
386 4418 639 4474 eisioueterrstusrn
651 4417 774 4471 morbum
786 4416 917 4483 uuerdent,
969 4425 1099 4471 straranus
1108 4418 1254 4487 imperator
1267 4419 1386 4475 codicem
1400 4422 1433 4477 de
1443 4425 1552 4480 nomine
1564 4442 1612 4483 suo
1627 4428 1754 4489 fustinia-

138 4498 165 4545 ει
178 4506 232 4546 non
243 4490 321 4559 longe
331 4498 391 4571 post
404 4496 524 4544 mortuus
548 4485 636 4540 fuerit.
663 4484 754 4540 Refert
776 4484 805 4539 S.
817 4482 918 4554 Grego
969 4500 1050 4540 neum
1064 4486 1225 4556 appeliatum
1247 4489 1396 4545 ahsolutum
1410 4493 1577 4550 confirmarit
1587 4506 1614 4552 ct
1624 4501 1751 4571 suigaut.

137 4560 193 4613 rius
207 4560 253 4613 fib.
269 4575 295 4613 m
309 4558 388 4618 brat..
400 4573 459 4626 cap.
471 4556 516 4623 bd,
528 4556 599 4624 quod
611 4554 718 4626 quidam
732 4553 868 4610 solitarius
878 4557 918 4610 vi·
970 4551 1041 4636 Usus
1052 4565 1092 4637 est
1103 4557 1154 4612 hae
1168 4558 1194 4611 in
1206 4570 1237 4612 re
1245 4573 1327 4639 opera
1336 4559 1464 4632 imprimis
1475 4561 1628 4622 Triboniaui
1638 4569 1753 4629 hominis

136 4629 205 4684 derit
217 4640 281 4684 eum
295 4629 365 4683 inter
376 4627 506 4681 ioannem
519 4640 617 4707 papam
631 4633 659 4679 et
669 4624 860 4704 Symmachum
871 4640 918 4695 pa-
932 4592 953 4652 Ε
968 4625 1067 4703 ethuici
1081 4626 1192 4707 aurique
1206 4627 1379 4708 cupidissimi,
1393 4632 1464 4701 apud
1477 4646 1556 4713 quem
1564 4634 1663 4704 justitia
1675 4656 1753 4696 rena·

136 4699 251 4761 rricium,
263 4712 333 4766 auos
344 4697 488 4759 emmena,
500 4695 656 4749 dsscurcturn
667 4703 695 4746 et
716 4694 916 4761 discalceatum,
969 4692 1001 4747 hs
1013 4703 1082 4749 erat.
1092 4691 1136 4750 iio
1150 4711 1254 4751 mireris
1267 4711 1331 4764 crgo
1345 4700 1367 4753 si
1377 4700 1474 4770 impias
1485 4714 1660 4773 imperatores
1670 4708 1753 4766 Zeno-

134 4777 162 4820 ct
172 4768 269 4823 riaetis
281 4765 402 4821 inanibus
410 4764 552 4820 deductum
562 4763 588 4817 iu
600 4762 710 4817 Vulcani
720 4762 800 4817 offam
810 4759 915 4830 jactari.
968 4778 1029 4817 uem
1041 4773 1068 4817 et
1078 4763 1245 4819 hrrastasium
1256 4769 1388 4822 sententia
1400 4769 1542 4840 pontificis,
1554 4775 1660 4830 concilii
1679 4776 1751 4833 Cou-

133 4836 269 4892 Successit
280 4836 317 4895 iffi
330 4836 357 4891 in
367 4851 396 4890 re
416 4850 449 4889 no
464 4833 546 4887 ltaliae
560 4831 728 4886 Athafaricus
742 4847 776 4885 er
799 4832 852 4885 iiiia
867 4848 916 4887 ne·
968 4833 1197 4903 stantinopoiitani
1208 4842 1236 4888 et
1257 4832 1385 4891 fustinie
1411 4839 1534 4907 catalogo
1559 4840 1751 4912 impensorum

131 4848 917 5039 mimicitiisifdiiiiifiiti‘fdfs
967 4902 1651 5033 dissensistis}i2ffl¹dfsifffi¹²¹⁰²²²⁵⁶
1674 4915 1752 4975 *Μ’

131 4990 271 5169 Off}
288 4986 535 5166 [131911ιὸωῇῐῶ
546 5038 674 5163 'Eissiiflssi
689 5015 915 5165 Aurus‘hche'fiffl'
997 5039 1022 5164 (ἶ
1031 5041 1105 5096 Sedit
1119 5059 1201 5167 ofiani
1214 5042 1241 5115 d}
1256 4990 1340 5125 baffi
1353 5016 1520 5169 h'ieffifflfff
1532 4995 1596 5106 Ξωὲί
1610 5050 1703 5134 diebus
1719 5056 1753 5111 i8

129 5122 916 5261 acsimanensium,erasmum
964 5125 1142 5237 stram
1158 5123 1282 5181 ””’”
1296 5129 1427 5183 cm
1440 5124 1469 5171 ”
1511 5131 1546 5173 ”
1569 5123 1752 5189 „uun

130 5253 263 5323 mouenti
288 5267 388 5308 nouum
408 5266 508 5305 annum
529 5248 751 5309 administrasset,
772 5248 915 5304 consufens
1002 5250 1142 5305 eCesraoit
1155 5252 1381 5323 episcopatuadies
1404 5252 1467 5325 tres]
1494 5256 1535 5312 Ab
1557 5258 1631 5315 obitu
1655 5260 1752 5322 Felicis

129 5319 228 5377 fatoris
240 5320 394 5392 reipuhficac
404 5317 562 5383 commodis,
588 5330 649 5373 cunt
673 5331 805 5397 consensu
830 5317 914 5372 tatius
966 5333 1051 5389 usquc
1064 5320 1098 5374 ad
1122 5320 1282 5376 eiectionem
1296 5319 1425 5379 Bouifacii
1446 5326 1555 5381 mundi
1568 5335 1625 5385 tres
1635 5331 1694 5388 dics
1708 5334 1751 5389 fn-

128 5399 239 5448 senatus
251 5390 428 5446 fustinianum
440 5406 473 5444 ex
485 5403 578 5445 sorore
592 5396 718 5469 rrcpotem
731 5387 834 5455 imperii
854 5402 914 5442 suc·
968 5397 1156 5452 tereesserunt,
1171 5388 1244 5458 quod
1257 5389 1355 5444 alicubi
1368 5390 1466 5462 iegitur
1484 5395 1562 5451 sedes
1574 5413 1685 5457 vacasse
1698 5419 1751 5458 nnn

128 5475 265 5516 cessorem
276 5460 385 5542 defugit
396 5457 530 5540 Principio
545 5457 648 5526 imperii
663 5458 796 5537 herpetas
821 5455 913 5511 diaco·
967 5472 1059 5513 mense
1078 5468 1106 5540 et
1126 5457 1277 5528 uuirsdeciua
1298 5458 1406 5525 diehum
1434 5462 1519 5519 inteiii
1536 5464 1636 5529 endum
1661 5479 1703 5527 ees
1719 5474 1751 5528 d„

126 5544 179 5583 rsus
192 5531 222 5585 S.
236 5529 269 5583 is.
282 5528 518 5610 Ecclesaeserrpto
531 5541 592 5582 eum
605 5527 755 5592 admonuit,
779 5525 914 5593 quomodo
967 5526 1155 5596 temporatim,
1168 5526 1276 5597 quando
1287 5538 1349 5599 post
1362 5532 1479 5588 schisma
1492 5478 1626 5592 achiacum
1640 5537 1750 5597 Romen.

127 5612 158 5651 se
173 5599 200 5654 in
215 5598 446 5654 administratione
469 5596 575 5667 nuperii
597 5609 690 5664 gerere
712 5595 830 5649 deberet
846 5593 913 5649 fnita
966 5596 1154 5663 riusrognitus
1166 5595 1251 5652 estah
1262 5599 1532 5671 omuibasfeeitiums
1542 5607 1674 5674 pontifex.
1687 5610 1748 5667 Sei.

125 5680 190 5721 cum
202 5668 356 5724 Athalarieo
368 5666 479 5736 aliisque
490 5665 643 5721 nationibus
666 5679 732 5733 pare
754 5672 783 5718 ct
800 5677 913 5718 coneor·
965 5664 1063 5720 Binum.

124 5734 173 5794 dis
184 5738 263 5794 hiem
277 5736 436 5792 catholicam
450 5734 545 5789 edictis
568 5744 596 5787 et
620 5733 801 5789 sanctionibus
815 5733 912 5787 candr-
1000 5723 1041 5807 (a)
1055 5732 1163 5790 festini.
1177 5733 1225 5790 his.
1242 5734 1380 5793 bunion

366 5827 500 5886 Parnes.
516 5824 609 5886 titt.
1590 5831 1607 5902 ς
