4064 6344
144 334 198 392 ns
405 316 409 325 “
657 292 660 299 “
830 332 993 392 sersaoni
1008 330 1076 387 ur.
1716 322 1769 382 tet

139 442 401 499 minoratusscilicet
411 441 492 514 paulo
506 442 593 499 ntiuus
603 444 637 499 ab
650 443 761 516 angelis,
776 455 804 501 et
815 446 924 518 eonati·
938 451 964 510 Α
976 447 1050 502 illum
1062 444 1236 503 Sacerdotem
1257 451 1364 500 nostras
1388 443 1525 499 orationes
1549 441 1697 508 oderimus,
1721 444 1769 512 orl

140 542 224 589 estem
237 540 357 605 paternae
365 533 507 605 possidens
517 534 664 592 diuinitatis
675 538 722 610 (ot.
734 537 873 610 unitatisli
886 537 925 595 Eo
977 539 1253 611 proptereaterusest
1262 534 1404 602 Sacerdos,
1416 536 1478 606 quia
1488 534 1664 605 semetipsum
1674 547 1767 619 reram

138 625 240 696 quippe
252 624 403 682 minoratus
416 634 458 681 εει
471 623 564 693 Filius,
579 627 690 697 mortalis
702 642 863 698 permanens
876 627 927 683 Pa·
979 642 1029 697 pro
1041 625 1119 682 nobis
1131 626 1246 681 bostiam
1257 623 1368 692 obtulit;
1379 622 1451 696 quod
1463 623 1609 694 Apostolus
1620 621 1769 677 indubitan-

138 715 183 782 tri,
198 728 253 785 quo
267 716 294 771 in
309 716 509 773 sirnilitodinem
521 718 658 774 bominum
669 719 792 788 dignatus
805 730 847 775 est
857 718 925 777 deri.
978 724 1020 770 ter
1033 714 1159 779 ailirmat,
1174 713 1284 770 dicens:
1300 710 1390 767 Estote
1401 728 1461 784 erpo
1471 712 1614 767 imitatores
1629 710 1687 776 bet,
1702 710 1771 765 sicat

137 805 199 879 ipse
224 815 314 863 autem
338 823 369 865 se
390 809 524 865 minorem
548 807 621 874 iecit,
634 811 742 880 qnando
755 811 926 881 semetipsum
977 804 1027 876 ptti
1039 805 1167 859 comminui
1174 820 1183 869 ,·
1197 812 1222 857 et
1236 800 1366 857 ambulate
1382 803 1408 855 iu
1422 801 1569 869 dilectione,
1579 803 1645 855 sicut
1653 807 1678 855 et
1691 796 1768 854 Cirri-

136 897 295 963 esinanirit,
311 897 423 954 lormam
437 900 507 955 serui
517 900 662 971 accipiens.
674 900 773 957 (lbristi
785 918 865 973 porro
876 903 928 958 mi·
980 906 1036 952 stus
1050 897 1141 950 ditexit
1153 911 1210 960 tot·
1226 902 1250 949 2¹
1264 893 1356 949 vitrii!
1369 894 1532 964 semetipsum
1541 910 1588 963 titt
1607 892 1681 947 ”tiit
1695 890 1782 947 ⁰⁶¹&

136 990 258 1060 nerano,
272 990 330 1061 ipsa
344 992 555 1058 estexinanitio;
570 992 928 1066 nectantcnaliatolalind)
979 988 1075 1042 tionem
1095 996 1120 1041 et
1142 986 1252 1041 nostium
1277 984 1331 1041 lieo
1353 985 1380 1039 in
1395 980 1769 1058 odorerusumitntislliptea.

134 1092 178 1140 est
194 1084 343 1143 exinanitio
356 1100 436 1155 quiam
451 1082 546 1140 iorntse
558 1080 664 1139 seruilis
676 1084 808 1155 acceptio.
979 1090 1006 1141 i·
1021 1075 1057 1147 ¹i·
1071 1073 1122 1143 Qui
1136 1075 1228 1145 ”illiti
1242 1087 1333 1130 litim
1348 1073 1463 1129 ¹¹⁰⁵¹i²¹¹¹
1476 1089 1529 1129 ¹¹⁰ss
1540 1072 1660 1138 θίῐθιιθῑ,
1672 1073 1696 1129 si
1707 1087 1770 1129 w·

174 1174 219 1230 di.
239 1173 365 1232 Christus
378 1188 444 1245 erpo
454 1176 482 1231 in
495 1173 581 1231 torma
591 1172 639 1230 Dei
666 1190 837 1247 permanens,
862 1170 929 1231 Uni·
979 1168 1021 1224 nis
1033 1168 1060 1224 in
1071 1183 1104 1224 eo
1114 1168 1214 1223 recitas
1229 1182 1282 1223 non
1303 1162 1405 1222 luisset.
1421 1162 1507 1235 ttujns
1518 1164 1613 1221 bustim
1626 1164 1769 1220 veritatem

132 1270 245 1336 genitus
257 1268 339 1336 Dens,
353 1268 397 1326 cui
410 1284 472 1325 cum
485 1267 567 1323 Patre
580 1268 683 1324 hostias
704 1266 851 1335 oderimus,
878 1268 930 1324 ior·
979 1269 1122 1332 postquam
1134 1275 1148 1314 a
1163 1252 1276 1315 mortuis
1287 1259 1445 1330 resurrexit,
1459 1257 1516 1328 ipse
1535 1271 1655 1314 summus
1676 1254 1771 1312 Sacer·

133 1373 210 1414 mam
222 1359 292 1416 serui
304 1359 451 1431 accipiens,
461 1357 587 1417 sacerdos
598 1365 639 1414 est
651 1347 748 1428 iactus,
774 1374 822 1430 per
849 1374 929 1429 quem
980 1349 1029 1406 dos
1039 1349 1176 1421 discipulis
1190 1349 1245 1405 suis
1255 1348 1382 1413 ostendit,
1396 1357 1424 1404 et
1433 1353 1651 1404 contrectandam
1661 1347 1771 1418 obtulit,

133 1450 255 1507 bostiam
269 1451 368 1519 ciram,
383 1459 513 1517 sanctam,
528 1448 585 1506 lieo
595 1451 748 1521 placentem
762 1448 861 1507 oss'erre
870 1466 930 1523 pos·
979 1435 1090 1494 diffisi
1105 1437 1216 1508 P⁰¹t²⁰²²
1227 1446 1251 1491 θ’
1261 1436 1342 1492 uidete
1351 1437 1410 1506 ilii
1424 1437 1531 1508 illiniti
1541 1453 1645 1492 ‘lilim
1668 1446 1693 1492 θ’
1711 1453 1771 1492 ⁰⁸⁸⁰

135 1540 233 1596 simus.
248 1539 303 1596 Nec
319 1549 408 1596 tamen
423 1539 511 1596 bostia
526 1539 730 1596 anobisollcrri
750 1540 891 1610 potuisset,
906 1539 929 1594 si
980 1544 1032 1584 ”⁰2²
1042 1528 1128 1598 illiti.
1140 1530 1206 1583 ticli
1221 1538 1262 1583 ’Μ
1274 1529 1362 1584 uidetis
1374 1528 1467 1584 illim
1482 1527 1557 1602 (tue.
1570 1544 1643 1597 ων,
1659 1527 1716 1599 59)·

137 1628 262 1687 cbristus
273 1644 323 1700 pro
334 1629 412 1686 nobis
427 1626 513 1685 iactus
525 1630 613 1685 hostia
628 1645 683 1684 non
697 1626 809 1685 luisset:
826 1624 852 1685 in
875 1644 929 1700 quio
1015 1620 1060 1675 58·
1079 1620 1147 1677 iiiut
1172 1620 1253 1677 eliam
1274 1621 1340 1677 tides
1362 1629 1453 1677 nostra
1467 1621 1627 1678 discernitur
1641 1622 1674 1677 ab
1685 1620 1770 1696 Euty-

137 1719 198 1789 ipsa
222 1728 318 1774 natura
339 1719 423 1776 nostri
435 1720 553 1788 generis,
566 1719 780 1775 remesutrostta
794 1719 928 1776 calumme.
980 1712 1065 1768 cletis
1077 1727 1184 1779 errore;
1199 1713 1245 1785 niti
1265 1712 1329 1769 licet
1352 1714 1518 1770 incarnatum
1534 1714 1651 1771 Verbum
1671 1730 1771 1786 negare

137 1811 174 1870 lte
187 1813 260 1869 enim
272 1813 330 1885 ipse
345 1810 513 1884 unigenitos,
528 1812 575 1883 qut
589 1827 668 1868 perus
679 1812 836 1869 parpalines
858 1804 930 1869 bens
943 1817 968 1876 B
980 1818 1035 1857 non
1048 1803 1155 1871 audeat,
1169 1803 1253 1874 ipsam
1265 1812 1355 1860 tamen
1370 1803 1450 1859 Verbi
1464 1819 1571 1860 carnem
1586 1820 1647 1861 curn
1667 1821 1721 1862 non
1736 1805 1772 1862 ia·

137 1914 189 1974 est,
205 1920 286 1963 verus
300 1903 377 1961 flores
390 1911 418 1961 et
431 1900 568 1971 sacerdos,
593 1904 620 1961 in
645 1918 759 1975 persona
783 1898 930 1960 divininatis
981 1901 1053 1948 tetur
1066 1903 1201 1964 sumptam
1222 1892 1256 1949 de
1270 1909 1351 1950 cartre
1365 1888 1490 1964 Virginis,
1506 1895 1662 1967 mysterium
1675 1898 1772 1952 summi

137 2011 203 2064 tute,
215 2010 270 2054 noa
292 1984 467 2052 humanitatis
480 2002 579 2059 nostrae
593 2009 737 2066 personam
749 1992 874 2063 dignatus
888 2000 929 2050 est
979 1992 1090 2053 proruis
1103 1991 1216 2039 evacuat
1229 1982 1392 2039 Sacerdotis.
1405 1982 1455 2040 Cui
1467 1985 1610 2056 Apostolus
1625 1985 1670 2042 illa
1691 2002 1773 2057 quam

137 2087 273 2158 accipere,
297 2085 346 2144 sen
368 2092 503 2143 naturam,
526 2082 555 2141 st
579 2085 650 2142 cutm
676 2091 798 2140 naturam
812 2084 929 2140 pompus
980 2071 1103 2143 superius
1112 2072 1190 2142 posui
1204 2072 1335 2128 sententia
1345 2071 1773 2147 contradiciteOmnislinquieust

137 2191 200 2233 eum
228 2190 344 2248 persona
367 2176 448 2232 simul
474 2174 623 2246 accepisset
635 2175 663 2231 in
677 2176 723 2231 illo
736 2173 930 2232 {incarnationis
979 2167 1096 2238 wilfi&
1107 2182 1140 2221 ἃ
1155 2166 1300 2222 itmidiiti
1320 2178 1478 2242 Mittunt&
1492 2187 1539 2242 titv
1551 2169 1698 2226 bominibus
1709 2187 1775 2228 θοι·

137 2267 286 2338 mysterio,
303 2281 358 2321 non
373 2260 444 2321 idem
459 2279 527 2321 unus
538 2263 662 2320 Christus
672 2264 698 2318 in
710 2263 813 2320 duabus
827 2265 930 2321 naturis
978 2257 1094 2311 stituitur
1112 2258 1139 2310 tn
1163 2259 1203 2313 Μ*
1225 2262 1356 2331 tumlti
1375 2259 1410 2314 Μ
1432 2259 1514 2316 Deum
1530 2259 1624 2329 stitit·
1639 2278 1665 2328 Vs
1682 2261 1719 2333 l).
1741 2261 1775 2319 Εῑ

136 2356 292 2413 “getheus
306 2355 495 2422 ethommed
508 2354 536 2409 in
546 2354 649 2411 duabus
662 2353 786 2425 personis
804 2352 873 2409 alter
886 2369 930 2411 ορ.
980 2346 1034 2402 alio
1048 2346 1111 2403 1000
1127 2366 1134 2402 t
1151 2347 1287 2421 Nusquam
1309 2352 1377 2405 eiit‘m
1400 2352 1506 2422 0119θῖ08
1529 2352 1709 2425 oppreiteudit,
1728 2354 1775 2407 sed

136 2456 178 2503 set
192 2446 276 2515 bens,
291 2454 320 2502 et
332 2443 401 2501 alter
413 2444 507 2501 homo.
524 2443 578 2501 Sed
605 2444 666 2501 ideo
689 2459 758 2500 unm
781 2449 823 2499 est
848 2445 930 2518 259
980 2445 1065 2492 senten
1081 2436 1192 2493 Abante
1214 2438 1393 2509 apprehendit.
1422 2439 1496 2495 Unde
1520 2438 1606 2495 debuit
1618 2457 1664 2512 per
1686 2443 1775 2497 omni:

137 2539 271 2599 cursous.
286 2550 368 2595 verus
381 2536 430 2592 on
443 2536 601 2593 eruentus
614 2534 781 2606 rictusque
796 2528 841 2590 nte
865 2529 930 2590 un-
980 2523 1104 2598 tratritu
1124 2526 1246 2594 statiua.
1261 2536 1289 2580 o
1304 2528 1451 2582 minutor·
1466 2528 1549 2598 teret,
1562 2528 1775 2601 aduecticio

137 2630 246 2701 pertitus
254 2628 393 2697 Dominus,
407 2627 453 2698 qui
464 2642 607 2698 personam
618 2626 755 2698 propriam
764 2639 872 2696 semper
884 2616 930 2679 ira·
978 2617 1098 2686 utilitia
1121 2616 1155 2669 td
1181 2613 1273 2683 Deum·
1299 2625 1328 2670 ¹⁴¹
1352 2617 1535 2688 'tuillium‘
1563 2618 1657 2673 delicto
1685 2618 1776 2690 t²⁰i⁷¹¹ii

136 2719 206 2784 buit,
222 2719 249 2774 in
258 2718 343 2789 ipsam
353 2732 496 2788 personam
507 2730 583 2772 suam
596 2710 737 2772 ueritatem
752 2720 855 2771 nature
872 2730 928 2772 ser·
979 2703 1074 2775 (nete.
1087 2712 1117 2771 ¹¹»
1133 2703 1187 2774 wi·
1201 2702 1259 2760 ¹¹⁰⁰
1284 2704 1375 2774 fidili
1398 2714 1524 2761 “inmite
1545 2720 1599 2776 il¹¹⁰
1619 2721 1669 2778 per
1682 2705 1775 2763 imm

137 2810 199 2866 pipp,
212 2810 325 2879 meme.
339 2806 455 2864 proinde
477 2806 599 2863 cbristus
613 2806 799 2878 inseparabili,
822 2820 929 2876 penna.
980 2795 1117 2851 Christum
1133 2809 1182 2850 nos
1200 2793 1366 2850 ostendimus
1379 2803 1486 2851 nostras
1505 2797 1643 2852 orationes
1665 2796 1773 2857 ottone.

139 2907 197 2965 net,
213 2900 276 2969 quia
287 2913 348 2955 cum
362 2898 448 2953 altera
460 2897 495 2953 sit
508 2897 535 2952 in
550 2911 584 2953 eo
596 2904 691 2952 natura
703 2895 861 2960 divinitalis,
885 2895 929 2949 al·
980 2901 1045 2943 vett
1060 2886 1126 2942 illies
1139 2886 1215 2941 omni
1224 2886 1309 2941 errori
1324 2887 1458 2952 renititur,
1478 2887 1524 2958 (itti
1539 2887 1566 2941 in
1581 2887 1689 2945 Christo
1702 2889 1775 2944 teti·

139 3000 198 3046 w,
221 2993 288 3044 vem
309 2996 405 3044 nasu„
426 2987 543 3051 penitis,
564 2988 591 3042 tn
615 2994 769 3043 „notamen
782 2986 931 3056 opumque
981 2986 1063 3033 tatem
1078 2977 1188 3032 brunani
1201 2976 1324 3049 corporis
1334 2992 1388 3032 non
1398 2977 1507 3034 iatctnr.
1515 2976 1569 3033 Sed
1578 2978 1640 3049 quia
1652 2977 1776 3035 Christus

138 3078 303 3137 christoilo
318 3093 432 3149 persona
446 3076 591 3132 divinitatis
601 3082 718 3144 aterno,
731 3076 788 3147 ipsa
798 3076 930 3131 erectam
982 3083 1036 3125 non
1050 3069 1137 3125 sotum
1151 3078 1232 3125 verus
1252 3069 1344 3135 notun,
1359 3069 1407 3125 sco
1422 3074 1450 3125 et
1469 3084 1548 3125 verus
1559 3077 1601 3126 est
1614 3071 1775 3127 natumttter

138 3167 477 3238 humanitatisassumptn.
500 3165 646 3237 Propterea
662 3165 732 3221 idem
756 3174 837 3236 atque
862 3178 930 3221 unus
944 3172 967 3236 (ζ
983 3163 1063 3230 bens,
1078 3171 1107 3218 et
1131 3178 1199 3218 unus
1223 3177 1285 3219 cum
1300 3160 1380 3219 Patre
1402 3172 1430 3218 et
1452 3162 1553 3236 Spiritu
1578 3173 1673 3222 sancto
1693 3165 1774 3231 Deus,

138 3263 182 3313 est
192 3256 325 3318 Christus,
340 3271 420 3325 quern
441 3263 470 3311 et
483 3255 563 3325 paulo
578 3256 710 3314 minorem
724 3255 759 3311 ab
770 3254 871 3324 angelis
885 3271 930 3311 os·
981 3254 1060 3324 digne
1072 3254 1186 3312 dicimus
1198 3253 1253 3311 [leo
1265 3252 1338 3311 Patri
1351 3273 1357 3309 :
1368 3257 1412 3326 qui
1427 3265 1508 3311 tecum
1521 3256 1581 3312 oluit
1590 3267 1615 3313 et
1627 3267 1730 3332 repunt,
1746 3258 1775 3313 ln

138 3348 230 3406 tendit
243 3349 364 3419 acceptio
377 3348 471 3404 formu
480 3347 596 3416 seruilis,
607 3356 635 3403 et
644 3347 774 3418 :equalem
790 3346 860 3402 l‘atri
884 3345 932 3401 dc·
982 3345 1026 3401 iila
1040 3346 1133 3416 utique
1147 3347 1249 3402 unitate
1262 3347 1377 3402 naturali
1387 3363 1468 3418 quam
1482 3349 1636 3414 ostendens,
1652 3350 1705 3405 ait:
1718 3348 1776 3422 spo

137 3447 275 3496 monstrat
284 3439 371 3495 unitas
383 3438 523 3494 naturalis.
538 3437 567 3493 ln
580 3453 635 3508 quo
645 3445 814 3493 sacramento
827 3437 867 3492 sic
889 3435 930 3492 oi·
982 3442 1007 3493 et
1029 3435 1109 3491 Pons
1134 3452 1214 3491 unum
1239 3450 1326 3492 sumtu
1357 3436 1447 3506 (loon.
1464 3448 1490 3502 ι,
1504 3438 1561 3509 50).
1578 3436 1628 3494 Ubi
1652 3428 1777 3495 similiter

137 3529 285 3586 tenderunt
297 3529 399 3594 Ariani,
411 3538 441 3585 ut
451 3528 621 3585 attendentes
634 3528 661 3585 in
671 3542 705 3584 eo
715 3526 832 3583 cilicium
842 3540 932 3581 sacer·
983 3527 1050 3584 tides
1072 3539 1174 3599 nostra,
1190 3544 1243 3585 non
1258 3529 1344 3585 solum
1367 3530 1401 3585 ab
1415 3528 1472 3585 drii
1493 3536 1522 3587 et
1544 3529 1664 3597 Sabelli,
1680 3547 1775 3588 rerum

138 3620 224 3686 dotis,
243 3622 368 3677 nollentr
384 3614 570 3677 celsitudinem
584 3620 720 3690 suscipere
734 3617 851 3673 deitatis
867 3614 931 3672 lntle
983 3619 1065 3674 etiam
1078 3634 1094 3673 a
1118 3617 1233 3674 Nestorii
1253 3633 1347 3675 errore
1360 3618 1540 3676 discernitur:
1555 3622 1582 3676 in
1602 3622 1662 3694 ipso
1675 3623 1776 3695 quiippe

138 3710 266 3782 estquod
281 3711 362 3767 etiam
372 3712 533 3769 sindicunt:
550 3710 641 3766 Gloria
650 3710 727 3765 Patri
749 3727 796 3781 per
822 3708 932 3777 Filium,
983 3713 1094 3769 unitatis
1109 3711 1241 3768 vocabulo
1257 3711 1327 3768 sient
1341 3712 1427 3770 Patris
1441 3718 1469 3770 et
1483 3713 1543 3771 Filii
1557 3715 1663 3773 diversa
1674 3732 1776 3788 conno-

140 3811 173 3861 ιιι
186 3804 274 3860 nolint
284 3804 383 3872 dicere,
399 3801 488 3861 Gloria
504 3803 581 3859 Petri
594 3813 619 3858 et
632 3801 713 3857 Filio.
726 3800 857 3870 Quoniam
868 3806 933 3869 erpo
983 3803 1126 3859 sciturnon
1137 3803 1363 3870 essesubstantia,
1376 3804 1412 3859 ita
1427 3820 1488 3861 cum
1503 3804 1624 3872 dicimus,
1637 3808 1681 3879 qui
1694 3817 1777 3862 usum

137 3905 206 3954 sunt
230 3896 350 3953 baeretici
375 3897 420 3967 qui
445 3896 542 3953 Filium
565 3910 626 3951 cum
641 3893 721 3949 Patre
735 3894 814 3949 nnius
827 3893 934 3950 deitatis
984 3890 1044 3946 uiuit
1054 3900 1079 3945 et
1093 3900 1194 3965 repunt,
1208 3891 1358 3948 ostenditur
1371 3891 1460 3950 Patris
1473 3906 1501 3951 et
1512 3892 1572 3951 t'tttt
1582 3911 1635 3955 utta
1648 3912 1702 3953 tion
1716 3913 1777 3954 esse

137 4002 204 4044 esse
214 4001 269 4041 non
281 3984 429 4051 ereduntl,
441 3986 506 4043 ltem
516 3985 631 4041 suntalii
643 3985 689 4055 qui
699 3982 935 4041 veritatemcarnis
984 3997 1109 4053 persona.
1129 3984 1248 4054 Apparet
1262 3983 1343 4039 etiam
1357 3992 1487 4040 :eternum
1503 3983 1677 4043 Sacerdotem
1690 3988 1777 4058 ipsum

137 4078 170 4132 in
181 4076 232 4132 liei
246 4070 314 4134 t'tiio
329 4090 427 4146 negare
439 4091 494 4133 non
508 4084 646 4141 metuerim
667 4075 739 4130 bunc
759 4072 847 4129 locum
870 4088 935 4128 son·
983 4090 1078 4132 reram
1092 4074 1188 4130 Filium
1201 4075 1401 4146 sermonicum
1416 4076 1473 4133 lieo
1482 4077 1562 4134 l‘atre
1571 4089 1665 4150 regnat
1678 4079 1703 4134 iu
1719 4081 1778 4135 uni·

137 4179 211 4236 grue
224 4173 307 4237 atque
316 4165 417 4221 utiliter
427 4160 521 4221 Patres
530 4164 691 4221 sanctissimi
701 4168 856 4235 posuerunt.
868 4160 934 4216 llam
987 4173 1042 4220 tatn
1056 4175 1166 4222 naturcc.
1181 4165 1247 4222 Cum
1263 4174 1328 4223 uero
1351 4167 1379 4222 in
1398 4170 1498 4223 unitate
1512 4167 1627 4239 Spiritus
1641 4172 1725 4225 snrrrti
1737 4170 1778 4227 di·

138 4272 206 4313 αιιιι
217 4272 269 4313 nos
282 4250 449 4315 nmendimus
462 4272 511 4329 per
522 4264 652 4313 aeternnm
680 4245 854 4312 Sacerdotem
881 4248 935 4309 tto-
986 4255 1079 4322 cimus,
1095 4271 1175 4311 unam
1190 4264 1313 4312 naturam
1327 4257 1444 4328 Spiritus
1457 4257 1542 4314 sancti
1556 4274 1617 4314 cum
1632 4258 1710 4315 l’atre
1731 4259 1778 4317 lii·

138 4349 248 4404 minum
260 4346 395 4405 Christum
407 4355 513 4404 nostras
527 4347 663 4404 orationes
685 4345 787 4414 offerri,
801 4360 892 4400 reram
908 4345 935 4401 in
986 4345 1076 4419 linque
1089 4355 1278 4402 monstramus.
1297 4344 1392 4403 Unitas
1406 4355 1495 4402 autern
1510 4356 1613 4403 naturae
1632 4348 1694 4419 qnid
1706 4350 1779 4419 alind

138 4456 179 4499 eo
192 4456 303 4497 carnem
315 4441 399 4497 nostri
409 4430 516 4511 generis
528 4437 702 4505 condumum
713 4430 860 4494 seeundum
871 4435 934 4491 illud
987 4442 1068 4507 duam
1078 4434 1235 4493 Trinitatem
1245 4450 1327 4492 unum
1342 4436 1435 4504 [teum
1450 4446 1477 4494 ct
1487 4452 1520 4494 es
1531 4439 1584 4494 boc
1594 4454 1674 4494 unum
1685 4448 1779 4495 nsten=

137 4531 219 4604 quod
229 4530 375 4604 Apostolus
389 4530 472 4588 dicit:
490 4529 662 4584 Omnisenins
672 4522 790 4600 pontifex
804 4542 836 4580 es
850 4524 934 4581 borni·
949 4525 1027 4591 ndit
1040 4536 1068 4581 ct
1081 4528 1210 4596 regnum?
1226 4526 1370 4603 diuersitas
1393 4528 1493 4600 quippe
1514 4538 1617 4585 naturae
1636 4537 1725 4600 potest
1750 4531 1778 4588 ln

137 4622 223 4679 ssibus
237 4628 393 4693 asumptus,
407 4637 455 4692 pro
465 4618 609 4675 terminibus
620 4619 781 4673 constituitur
791 4618 818 4671 iu
829 4615 868 4670 iris
879 4631 936 4687 prce
988 4626 1071 4687 repon
1084 4616 1267 4673 diversitatem
1282 4620 1423 4689 potcstatis
1436 4620 1588 4675 ostendero.
1614 4619 1663 4676 Ubi
1687 4629 1777 4677 autem

137 4721 207 4771 sunt
225 4714 261 4768 od
272 4712 364 4780 Deuns,
378 4723 406 4768 ut
415 4714 508 4783 operat
522 4714 652 4767 dorstet
666 4694 797 4784 sacrificio
817 4727 865 4781 pro
878 4725 937 4780 pec·
988 4710 1062 4778 repsi
1078 4710 1206 4766 naturalis
1215 4720 1258 4766 est
1271 4710 1369 4779 unitas,
1390 4726 1441 4766 nna
1455 4712 1582 4780 regnandi
1603 4721 1740 4782 permanet
1750 4722 1778 4769 ct

137 4805 213 4859 cutis
229 4802 324 4875 (debr.
339 4820 366 4869 r,
383 4798 421 4873 i).
441 4803 509 4858 Cum
524 4817 588 4860 rem
603 4802 717 4859 dicimus
734 4791 833 4855 Filium
854 4812 934 4865 tuum,
989 4809 1108 4870 potestas
1123 4814 1130 4855 t
1145 4801 1172 4855 in
1187 4801 1233 4856 illo
1243 4812 1332 4857 autent
1344 4814 1428 4870 regno
1442 4801 1479 4855 illi
1490 4801 1671 4858 diversitatem
1684 4810 1778 4873 potes·

133 4902 172 4950 et
184 4891 338 4962 adjicimus,
353 4895 397 4966 oui
411 4904 494 4948 teeunt
508 4882 567 4948 uiuit
577 4901 603 4946 et
615 4900 708 4963 repunt
717 4892 743 4945 iu
755 4891 854 4955 unitate
875 4888 936 4961 Spi-
988 4891 1050 4948 tatis
1063 4893 1162 4948 babere
1184 4899 1310 4964 possunt,
1326 4892 1423 4963 quibus
1447 4892 1504 4964 ipss
1517 4900 1640 4962 potestas
1654 4891 1779 4948 tribuitur

135 4985 212 5039 ritus
223 4985 318 5051 muti,
332 4983 405 5039 illam
418 4984 510 5054 utique
529 4983 660 5039 unitatem
682 4995 935 5045 commemoramus,
988 4999 1021 5039 es
1032 4985 1128 5053 gratia,
1142 5001 1196 5041 non
1208 4985 1326 5058 suppetit
1336 5000 1368 5040 ex
1381 4993 1487 5041 natura.
1507 4983 1566 5039 Non
1585 4992 1627 5040 est
1638 4992 1727 5040 autent
1737 4982 1779 5041 u:-

133 5087 229 5145 quam
253 5072 411 5130 naturaliter
431 5073 513 5129 babet
537 5071 617 5127 Pater
637 5085 665 5127 et
679 5064 763 5127 iilius
776 5080 804 5126 et
821 5069 938 5142 Spiritus
989 5074 1111 5140 versitas,
1122 5074 1267 5133 sedunitts
1277 5075 1418 5147 potestatis
1433 5075 1606 5141 inTrinitate,
1620 5090 1679 5147 quac
1693 5074 1777 5144 ipsam

134 5172 277 5222 metus:
294 5163 339 5220 ubi
349 5154 502 5222 ostenditur
515 5163 586 5221 idem
601 5163 659 5236 ipse
669 5158 791 5218 Christus
800 5177 850 5234 pro
861 5161 939 5217 nobis
988 5170 1150 5235 potestatem
1161 5166 1304 5236 unicuique
1317 5164 1463 5221 secundom
1486 5180 1562 5220 suant
1577 5165 1669 5221 tribuit
1681 5163 1777 5221 uolun-

133 5253 310 5314 sacerdotati
326 5253 434 5311 iunctus
454 5254 554 5322 oiticio,
582 5246 625 5312 coi
652 5254 783 5310 naturalis
796 5264 837 5311 est
851 5255 939 5311 unitas
989 5259 1081 5321 tatem,
1107 5254 1169 5325 quia
1184 5255 1332 5310 naturalem
1352 5254 1433 5309 habet
1452 5252 1623 5310 ineffabiliter
1636 5252 1776 5309 unitatem.

135 5361 211 5404 eum
226 5344 308 5403 Patre
320 5355 348 5402 et
361 5345 463 5418 Spiritu
476 5357 580 5404 saneto.
595 5335 673 5411 ilide,
686 5361 786 5418 qumso,
798 5347 890 5416 quanti
904 5360 937 5404 ex
989 5338 1056 5398 tide
1069 5354 1159 5400 autent
1182 5344 1246 5415 quid
1259 5342 1355 5400 beatus
1380 5342 1544 5414 drrgustinus
1566 5343 1593 5399 in
1616 5343 1685 5398 libro
1699 5348 1778 5398 serto

134 5434 201 5493 boc
213 5435 409 5492 convincantur
420 5435 550 5493 baeretici.
566 5428 833 5507 tnnntpatuerentn
848 5447 938 5494 nostra
989 5432 1066 5507 (Cap.
1080 5438 1110 5505 ι)
1127 5434 1161 5491 de
1183 5432 1316 5491 ‘trinitate
1329 5436 1475 5492 renuatur
1488 5434 1705 5507 Spirltosancto,
1732 5432 1775 5487 ubi

134 5521 216 5579 fides
230 5537 247 5578 a
260 5520 470 5580 ilanicbaeorum
492 5539 585 5581 errore
610 5522 780 5591 discernitur,
807 5540 866 5579 cum
892 5541 940 5596 per
989 5524 1101 5583 dicens:
1117 5525 1188 5600 Erro
1208 5527 1316 5599 opuntis
1333 5537 1373 5583 est
1398 5526 1474 5582 Patri
1495 5525 1594 5594 fitius,
1607 5533 1632 5581 et
1649 5534 1688 5582 est
1700 5525 1775 5586 onim

185 5702 199 5734 ⁸
215 5693 266 5752 lis.
280 5697 363 5765 Tute,
374 5714 426 5753 non
437 5699 563 5755 noverint.
1030 5712 1042 5744 ⁸
1057 5702 1131 5774 tar,
1144 5714 1174 5759 ut
1182 5704 1276 5774 οιῙιιει
1285 5703 1340 5762 ltro
1354 5708 1433 5763 dona.

182 5764 200 5810 ὓ
214 5766 291 5833 Ant„
304 5767 481 5824 noncredout.

294 5860 432 5921 Parnon.
455 5858 550 5922 [ΧΥ.
