4056 6356
238 406 293 465 ιιι
756 403 787 464 ι.
807 402 997 483 romaum
1011 400 1163 465 sascnn
1181 400 1366 462 nusesnsrs
1826 386 1882 451 ιιι

238 521 345 579 iotam
357 520 474 583 mestar,
496 526 546 577 aot
558 516 675 575 neuma
689 515 772 585 bros,
797 526 845 574 aut
858 517 974 588 iniustos
994 532 1039 574 as·
1050 521 1079 584 Α
1092 514 1272 572 omonimum
1283 514 1342 586 ipso
1352 509 1515 570 eosmunnts
1524 523 1636 568 monera
1643 523 1813 584 perorprsses
1821 526 1883 584 qum

239 613 349 671 serbus.
360 612 473 669 liendsx
487 610 611 668 estemm
625 609 649 665 si
663 625 717 667 non
732 610 901 682 baptizatum
915 610 1038 668 introdu-
1089 620 1203 663 neoesse
1225 613 1268 661 est
1286 614 1318 661 ut
1340 618 1439 675 eorpus
1460 603 1487 659 in
1502 617 1556 672 quo
1579 601 1625 659 irie
1643 602 1884 676 quantulocunque

240 704 279 763 eit
291 705 320 760 ia
341 719 467 776 regnum,
482 718 544 758 enm
557 700 740 758 firmissimam
753 701 900 773 prmllrerit
913 702 1039 759 Salvator
1088 708 1213 772 tempure
1227 699 1334 765 vixerit,
1350 699 1377 754 in
1392 696 1591 754 resurreetione
1602 697 1726 767 recipiat.
1742 696 1883 766 Quiserqo

241 795 300 868 ipse
312 796 485 860 sementiam,
500 791 595 849 dinem
607 809 614 846 z
631 791 662 848 si
672 793 730 865 qais
739 809 792 849 nos
803 800 909 849 matrs
920 793 997 863 [emit
1005 807 1038 848 ss
1088 793 1164 850 ‹lieat
1176 792 1297 849 animata
1317 790 1421 847 semina
1440 786 1611 860 profluxisse,
1625 787 1683 845 sive
1695 788 1743 844 illa
1754 803 1813 859 quse
1826 805 1882 845 non

241 903 309 960 oque
323 894 349 941 et
371 885 486 956 Spiritu,
513 900 567 940 nes
590 892 675 957 petest
692 882 803 940 insoire
815 885 844 940 is
866 900 975 957 reponem
988 883 1038 940 liei
1089 884 1290 958 eooeiplnntm,
1301 883 1360 940 siae
1371 880 1703 953 quaenocturnailluslone
1716 881 1884 938 innuuntur!

240 976 332 1050 (loos.
344 991 382 1041 nr,
398 973 438 1042 ii).
453 975 571 1046 injustus
584 984 627 1033 est
640 984 731 1032 ιιιιιιι
742 975 768 1031 si
781 991 844 1033 eum
857 990 941 1032 carne
961 974 1039 1032 nne
1089 974 1167 1045 Quod
1186 975 1276 1032 ominis
1289 974 1399 1046 sapiens
1412 973 1486 1030 vitiet
1498 986 1580 1043 quam
1592 972 1629 1030 sit
1641 970 1803 1038 absurdum,
1819 982 1848 1030 et
1867 989 1884 1028 a

240 1066 276 1124 rit
295 1066 415 1122 animam
428 1067 457 1122 in
469 1067 559 1138 iqnem
573 1076 717 1136 uterorum,
736 1082 798 1139 qum
810 1082 872 1124 eum
887 1081 969 1122 earne
982 1081 1039 1123 nou
1088 1065 1197 1122 ratione
1206 1064 1370 1123 omnimodis
1383 1064 1511 1120 alienum.

241 1157 323 1214 babet
335 1170 480 1215 somnians
492 1166 645 1230 perentam.
659 1157 714 1215 Sati
729 1157 902 1215 manifestum
916 1166 959 1214 est
977 1171 1039 1214 om·
1124 1156 1170 1232 32.
1187 1158 1256 1215 bum
1265 1171 1331 1228 erqo
1341 1157 1384 1214 bis
1393 1165 1475 1229 atque
1487 1155 1641 1227 huiusmodi
1653 1158 1886 1230 propositionibus

241 1262 304 1303 nem
314 1248 360 1318 qui
372 1262 428 1303 ana
437 1247 579 1305 meritant
589 1249 619 1305 in
631 1249 743 1306 nomme
755 1247 857 1305 Giristi
871 1245 1039 1304 sanotiileato
1088 1246 1341 1321 panesssiualeem
1351 1247 1473 1314 vineunt,
1482 1247 1607 1305 rietrioes
1618 1262 1741 1305 essenon
1751 1258 1883 1321 possmus:

206 1366 210 1373 ·
241 1336 332 1405 latice,
348 1347 396 1393 aut
413 1353 464 1409 pro
478 1337 579 1396 Christi
598 1340 708 1396 nonime
720 1348 750 1395 et
767 1339 827 1411 ejus
839 1337 962 1396 Eeelssia
974 1353 1040 1409 pro·
1090 1339 1153 1411 pria
1163 1354 1334 1411 unaquaeqne
1344 1355 1437 1396 earum
1447 1340 1488 1396 sio
1500 1340 1600 1396 victrix
1612 1340 1728 1398 ellieltur
1737 1341 1772 1398 tie
1781 1342 1884 1411 alieno,

241 1430 303 1503 prio
322 1430 453 1501 sartqaiae
466 1430 635 1502 baptisatus,
657 1430 728 1500 ignis
743 1430 840 1486 ιιιιιιιὶ
852 1429 1040 1487 combustione
1090 1435 1121 1486 ut
1134 1429 1261 1486 vincatur
1271 1430 1307 1487 de
1320 1445 1392 1498 suo;
1412 1438 1441 1486 et
1454 1444 1516 1487 eom
1534 1430 1650 1487 aiebam
1669 1433 1886 1504 propositionem

241 1518 435 1579 manantem.
456 1522 516 1591 Qua
535 1536 601 1593 erqo
615 1522 720 1594 iustitia
739 1522 823 1579 divini
839 1522 934 1592 inrdieii
948 1523 1039 1578 anima
1090 1520 1244 1588 destmxit,
1269 1522 1328 1594 ipsa
1347 1538 1403 1579 ann
1416 1522 1489 1578 ralet
1511 1523 1722 1595 astruerequotl
1744 1526 1884 1598 proponit

242 1626 304 1669 eum
319 1629 367 1669 sua
380 1628 464 1671 earne
479 1615 506 1670 'sn
517 1616 608 1685 qnam
621 1622 753 1670 moro
772 1614 906 1680 mittetur,
929 1615 955 1669 sl
975 1626 1039 1684 pec«
1090 1610 1198 1680 Quanto
1211 1626 1277 1684 erqo
1296 1613 1395 1671 melius
1416 1614 1451 1670 ab
1464 1612 1545 1683 buius
1567 1614 1723 1685 quarstionis
1736 1617 1887 1674 moriae

242 1705 297 1761 eati
310 1706 449 1776 originalis
461 1707 577 1762 erimine
589 1721 645 1765 nori
656 1705 782 1762 teuetnri
1090 1712 1289 1776 temperamus,
1305 1703 1591 1774 ioquasoslnaniter
1604 1703 1730 1761 laborare
1742 1707 1887 1776 ooqnosei-

279 1796 323 1853 bb.
336 1798 376 1853 ba
392 1797 463 1855 losio
475 1798 547 1854 bane
560 1796 756 1854 absurditatem
768 1796 911 1868 quisquam
924 1793 1039 1851 tentabit
1090 1809 1151 1852 anns
1165 1813 1172 1849 :
1187 1794 1338 1867 praesertim
1350 1795 1413 1866 quia
1426 1794 1500 1866 qaod
1511 1809 1528 1852 ι
1544 1795 1646 1852 sanetis
1659 1795 1724 1852 airis
1737 1795 1886 1868 majoribus

244 1887 375 1959 arripere,
390 1896 419 1944 ut
428 1890 546 1945 snbaam
560 1903 684 1946 seorsum
694 1888 769 1945 diem
778 1903 829 1961 pru
842 1904 890 1945 soa
905 1886 1037 1945 munditia
1053 1899 1077 1962 Β
1091 1886 1192 1943 unsina
1204 1884 1327 1943 ridemus
1339 1885 1451 1942 minime
1462 1884 1613 1954 tenatiam,
1625 1895 1795 1960 oportetnos
1808 1895 1887 1945 taum

245 1980 325 2052 (ferte
336 1981 410 2036 daem
428 1979 548 2050 saliuam,
571 1981 610 2037 oei
628 1981 691 2054 quiri
704 1980 798 2051 esen)
815 1980 841 2036 ln
854 1989 985 2037 aeternum
998 1979 1041 2035 iu-
1091 1977 1198 2033 cantius
1210 1984 1293 2049 atque
1307 1977 1502 2049 temperantius
1515 1991 1648 2049 quarere,
1664 1986 1767 2052 quanto
1781 1978 1816 2035 ad
1826 1980 1888 2051 ejns

244 2075 343 2135 tumor,
358 2082 468 2126 messem
478 2086 545 2128 uero
559 2079 664 2128 emerat
675 2071 703 2127 iu
718 2080 821 2129 eterno
834 2071 906 2141 ique,
921 2070 1041 2141 angina·
1091 2065 1174 2123 linem
1186 2066 1249 2123 illos
1267 2067 1413 2139 praeduros
1425 2068 1500 2125 viros
1512 2070 1649 2125 seminam
1661 2070 1771 2127 minime
1784 2086 1887 2145 perre3

244 2156 279 2214 iis
292 2160 390 2216 merito
401 2161 550 2232 iniquitatis
562 2162 705 2218 arsuram?
717 2160 772 2219 eso
783 2163 885 2218 veritas
899 2162 1040 2219 embolion
1091 2156 1175 2214 nisse.
1195 2155 1237 2213 sn
1247 2172 1315 2229 erqo
1336 2159 1415 2216 nobis
1438 2158 1499 2215 siue
1523 2159 1691 2217 uobimnooe
1703 2172 1885 2235 oompertnro,

246 2250 319 2319 ildei,
344 2266 404 2324 quse
416 2253 444 2310 in
458 2254 562 2311 eunetis
575 2253 730 2330 hominibus
743 2254 969 2311 resurrectionem
983 2266 1042 2309 eon
1091 2247 1165 2319 quoi
1178 2248 1311 2306 eatbolioa
1323 2249 1391 2308 taes
1403 2259 1432 2307 et
1449 2250 1537 2308 eredit
1555 2259 1584 2307 et
1600 2252 1728 2323 praticae
1743 2272 1750 2307 ε
1766 2254 1886 2311 animam

246 2343 288 2400 nis
308 2343 427 2399 sonoram
447 2345 600 2402 eertlssirne
613 2344 700 2402 mallit
711 2352 741 2401 et
765 2344 902 2416 praedicat,
924 2341 1041 2399 destruit
1091 2340 1198 2398 soiioet
1206 2341 1353 2397 humanam
1364 2343 1490 2414 spirltum
1501 2344 1662 2401 rationalem
1675 2360 1748 2413 esse,
1763 2362 1818 2403 non
1830 2362 1889 2404 eor·

245 2433 327 2505 liujus
348 2434 550 2493 adinventionis
573 2437 770 2508 ineptissimam
790 2436 946 2491 salsitatem.
969 2432 1041 2490 Caro
1091 2445 1143 2501 pat
1155 2447 1163 2498 ;
1180 2446 1235 2488 usu
1247 2446 1308 2488 esse
1318 2430 1367 2488 Ilei
1377 2443 1495 2504 partem,
1514 2433 1564 2490 seul
1576 2434 1625 2491 bei
1637 2443 1791 2492 maturam
1803 2453 1811 2505 ;
1836 2451 1907 2498 noo.

245 2524 317 2579 enim
331 2524 355 2580 si
368 2525 484 2580 animam
493 2542 548 2582 non
561 2526 685 2598 recipiet,
697 2541 751 2582 non
762 2535 900 2595 mssrqem
915 2525 974 2580 etsi
985 2538 1041 2579 non
1091 2538 1144 2597 pro
1162 2524 1325 2595 quibuslibet
1337 2527 1457 2598 peooatis
1471 2535 1535 2583 ante
1548 2543 1647 2600 oorprrs
1660 2527 1744 2599 pestis
1756 2538 1888 2602 tanquam

244 2624 378 2686 resurget,
393 2617 487 2688 ntique
497 2632 548 2674 nee
562 2618 643 2674 siuet.
659 2616 800 2688 Quaerqn
810 2617 869 2673 sine
882 2616 972 2672 anima
985 2631 1041 2672 non
1092 2615 1271 2672 inonreerem
1283 2616 1394 2673 missam
1412 2617 1441 2674 in
1453 2633 1568 2690 eorpus,
1584 2618 1633 2675 seo
1646 2634 1681 2676 ex
1700 2634 1785 2692 opere
1805 2630 1890 2694 atque

209 2712 211 2717 '
244 2713 336 2777 potest
346 2707 451 2774 msere,
470 2706 608 2779 quomodo
621 2706 760 2764 exanimis
773 2706 876 2779 poterit
889 2706 962 2763 lilius
973 2705 1042 2775 ignis
1073 2752 1077 2763 .
1092 2706 1322 2764 montisaenei
1332 2708 1461 2766 moenam
1473 2725 1534 2767 esse
1543 2711 1663 2782 corpori,
1678 2725 1712 2768 es
1724 2727 1776 2784 qna
1788 2728 1890 2786 eorpus

244 2797 427 2854 cremassent·
439 2799 563 2855 metui
586 2798 704 2857 ilooesse
723 2806 765 2855 est
778 2799 870 2870 itaque
884 2806 914 2854 ut
930 2812 1042 2854 earnem
1092 2807 1122 2854 et
1132 2798 1206 2854 uiam
1224 2804 1253 2855 et
1263 2799 1363 2856 sentiat
1378 2817 1386 2855 ι
1402 2816 1484 2873 quam
1497 2817 1553 2859 non
1564 2802 1717 2859 dubitemus
1727 2819 1787 2860 eum
1802 2818 1890 2862 earne

247 2898 348 2959 ment
359 2890 746 2961 mmmmmqmvoloas
759 2888 1042 2961 animamnonbapti·
1093 2889 1120 2945 in
1132 2904 1189 2960 qua
1202 2890 1323 2948 naseitnr
1337 2891 1469 2963 originale
1488 2902 1630 2965 peecatum
1648 2893 1775 2962 trabere,
1800 2902 1829 2950 et
1853 2894 1892 2951 ob

245 2980 298 3036 rati
310 2980 418 3050 parvuli
437 2988 552 3053 propter
571 2980 730 3037 munditiam
753 2980 889 3038 ooloeare
903 2980 931 3035 ia
945 2992 1040 3049 reqno.
1092 2977 1146 3035 boe
1159 2977 1294 3036 beneflcio
1307 2980 1394 3037 sancti
1405 2980 1573 3052 baptismatis
1587 2981 1717 3054 indigere.

244 3069 422 3137 Quotation
442 3072 496 3143 ipsi
508 3071 603 3129 simut
614 3070 845 3143 quemadmodum
865 3071 974 3128 dicatur
986 3084 1043 3128 non
1127 3069 1194 3128 Csr.
1207 3071 1346 3128 sss-bii.
1360 3070 1408 3131 liis
1421 3074 1493 3130 enim
1503 3075 1619 3142 omissis,
1629 3091 1697 3148 quas
1708 3091 1790 3150 supra
1799 3078 1893 3150 posui-

244 3161 332 3219 seln
346 3172 403 3219 tam
416 3161 535 3220 absurba
545 3178 630 3234 quam
642 3163 735 3236 imple.
749 3160 854 3234 flagres
869 3162 974 3234 qnippe
988 3161 1044 3217 irn-
1094 3178 1165 3230 mus,
1176 3163 1317 3221 embolion
1328 3163 1389 3222 iidsi
1401 3165 1475 3223 reris
1486 3164 1688 3238 manifestisque
1698 3169 1852 3238 sentemiis,
1864 3171 1894 3231 in

244 3252 355 3325 pletatis
367 3261 423 3321 ost,
435 3262 486 3312 aaut
498 3263 712 3313 resumemuram
725 3268 827 3326 usqam
840 3262 975 3312 mortuam
990 3253 1043 3311 bo·
1056 3272 1080 3340 c
1095 3255 1218 3312 diuersos
1226 3271 1338 3314 errores
1350 3257 1431 3314 multi
1444 3259 1636 3318 miserabiliter
1648 3261 1812 3318 inuiderunt.
1825 3260 1894 3318 'ier-

245 3343 326 3401 miais
338 3359 467 3413 eamean
489 3354 538 3403 aut
549 3347 667 3403 somam
693 3345 783 3402 uiuere
806 3346 908 3417 absquae
920 3358 1003 3402 earne
1014 3346 1042 3401 is
1096 3347 1223 3405 tullianos
1242 3348 1343 3423 qnippe
1366 3350 1484 3407 animam
1504 3367 1560 3409 nnn
1574 3353 1698 3426 spiritum
1712 3371 1772 3412 esse
1787 3354 1893 3423 meaos,

246 3451 301 3508 qna
314 3437 392 3504 sirit,
402 3438 446 3495 vei
459 3453 604 3508 emmas,
615 3439 659 3495 vei
673 3437 821 3505 lelieitatls,
835 3446 899 3509 post
910 3436 1042 3508 judicium
1096 3440 1144 3499 seii
1155 3457 1269 3517 eorpus,
1285 3444 1461 3502 vehementer
1473 3446 1587 3516 erravit,
1602 3463 1636 3504 en
1650 3464 1735 3520 usque
1744 3448 1894 3523 desipiens,

246 3528 305 3587 iore
314 3531 483 3604 partieiprrn.
493 3530 563 3588 Cum
571 3531 699 3589 salvsmr
713 3538 806 3587 nomer
818 3529 937 3586 futurum
949 3544 1042 3586 reiut·-
1096 3542 1128 3593 ut
1143 3536 1226 3593 etiarn
1240 3552 1375 3594 summurn
1389 3546 1418 3594 et
1431 3554 1525 3596 rerum
1540 3538 1625 3596 ileum
1635 3556 1735 3612 eorpus
1745 3556 1807 3598 esse
1817 3541 1894 3599 diee-

246 3619 397 3678 teotonem
405 3621 497 3678 mis
507 3621 656 3679 utimum
666 3620 786 3678 (Ttxtfiit
802 3617 871 3687 0⁰5⁰
884 3621 967 3677 molet
978 3619 1045 3677 hort
1095 3635 1156 3683 ret:
1175 3642 1237 3684 enm
1249 3643 1304 3685 saon
1318 3628 1407 3686 solum
1420 3628 1455 3686 de
1465 3630 1621 3686 beaterum
1635 3631 1755 3688 omniurn
1767 3636 1897 3689 ereatura

245 3712 275 3767 ιἰι
285 3729 339 3786 qtts
352 3730 442 3771 amnes
456 3715 501 3789 qni
512 3716 541 3771 in
559 3715 736 3772 monumentis
750 3722 813 3770 mitti
832 3712 939 3768 usnimi
957 3728 1045 3769 tvvm
1095 3720 1226 3792 legumus,
1241 3722 1304 3795 qnia
1318 3721 1389 3779 Dens
1403 3724 1509 3788 spirim
1523 3732 1561 3780 est
1574 3723 1662 3798 (loon.
1678 3741 1717 3794 rs,
1726 3723 1784 3796 il),
1799 3741 1897 3783 verum

247 3803 321 3876 tt'sst
332 3814 361 3861 st
369 3807 508 3878 Metti
518 3808 562 3881 qui
576 3806 644 3864 lunt
657 3808 774 3880 iecerint
786 3807 815 3862 t't
828 3808 1044 3863 rmrreciivnem
1096 3813 1177 3870 etiam
1190 3813 1225 3870 (ie
1239 3813 1341 3883 angelis
1354 3828 1423 3885 quos
1433 3814 1505 3871 Dens
1516 3816 1637 3881 creavit,
1653 3817 1758 3875 sileatur
1774 3817 1801 3872 in
1816 3817 1896 3889 psal·

246 3898 323 3963 sitm·
340 3900 387 3971 ιιι
398 3915 459 3955 uero
472 3901 544 3955 msto
553 3909 671 3973 eperum,
681 3900 709 3955 in
720 3899 936 3955 rmmectiootm
947 3897 1044 3971 jesisi
1097 3918 1143 3960 mo
1159 3921 1167 3958 ι
1184 3902 1236 3969 nst
1249 3906 1314 3976 facts
1327 3905 1434 3978 moetos
1448 3922 1509 3963 mos
1523 3907 1631 3978 spiens
1650 3906 1744 3980 (Prot.
1765 3923 1820 3975 ens,
1846 3908 1897 3980 t).

249 3987 340 4056 (ioan.
356 3990 649 4063 v,st‚29).1teoesss
665 4001 708 4049 ost
718 4000 808 4049 autem
827 4001 870 4061 ut,
885 3999 1043 4062 resurgente
1097 3995 1222 4051 Animam
1238 4010 1346 4067 quoque
1360 3996 1507 4053 humanam
1522 3999 1645 4069 spiritum
1658 3998 1817 4055 rationalem
1834 4014 1902 4056 esse

249 4098 374 4154 corpore,
389 4098 440 4155 pro
451 4084 581 4156 operibns
600 4085 656 4142 snis
670 4085 706 4142 sit
717 4084 862 4141 retributio
873 4084 970 4140 animae
982 4098 1043 4140 enr-
1099 4102 1181 4145 nemo
1195 4088 1305 4161 sapiens
1320 4089 1426 4147 dubitet
1442 4108 1449 4145 ι
1465 4090 1499 4147 de
1510 4105 1565 4162 quo
1579 4091 1676 4163 spiritu
1687 4089 1837 4164 Apostolus
1857 4092 1904 4149 ‹li-

250 4172 345 4243 erismae
362 4174 516 4231 eammuarb
531 4193 538 4231 ι
555 4175 618 4247 quia
632 4191 693 4232 enm
705 4191 770 4233 earo
782 4175 972 4245 resurrexerit,
992 4190 1043 4232 nee
1098 4180 1135 4236 eit
1151 4198 1158 4234 ι
1180 4177 1245 4245 Quis
1258 4180 1328 4236 enlm
1342 4181 1391 4237 seit
1406 4181 1538 4237 bominum
1551 4196 1609 4252 quo
1627 4189 1687 4237 sunt
1707 4181 1831 4253 bombum,
1847 4184 1905 4239 uiri

250 4265 419 4335 eorpussine
431 4266 531 4334 amana,
552 4282 605 4325 nee
618 4267 708 4324 anima
720 4268 779 4326 sine
790 4283 906 4341 corpore
920 4280 1046 4324 remanse-
1097 4273 1204 4345 spiritns
1218 4273 1330 4329 baniols
1344 4274 1388 4348 qui
1400 4274 1428 4329 in
1441 4274 1498 4346 ipso
1511 4282 1550 4328 est
1565 4271 1598 4344 (1
1617 4269 1678 4327 Cor.
1695 4289 1727 4339 n,
1743 4271 1793 4343 11)
1805 4273 1817 4328 l
1831 4270 1905 4332 ideo

250 4355 300 4413 bit.
321 4355 379 4413 Erit
399 4358 674 4428 igitureommuniter
692 4361 831 4418 animaret
850 4359 924 4417 earni
942 4366 1046 4415 aterna
1097 4370 1125 4418 et
1145 4371 1258 4420 sanetus
1278 4363 1442 4435 evangelista
1466 4362 1628 4420 rationalem
1649 4362 1787 4431 animam,
1811 4379 1905 4436 qnam

249 4450 293 4507 ael
315 4450 476 4520 exsultatio,
494 4453 540 4510 rei
560 4450 692 4521 afflictio,
717 4452 827 4524 quanto
850 4448 1046 4509 indissolubilis
1096 4453 1221 4512 Christus
1240 4470 1301 4513 eum
1316 4471 1398 4515 earne
1412 4456 1546 4528 suscepi,
1561 4470 1738 4527 noneurpus,
1751 4455 1800 4512 sed
1813 4458 1905 4529 spiri·

250 4540 333 4616 m
348 4543 469 4601 mauebit
488 4551 590 4602 aeterna
602 4544 693 4601 oannis
716 4544 867 4614 armaque
890 4542 1045 4611 connexim
1098 4557 1154 4601 tum
1170 4561 1230 4602 esse
1244 4543 1346 4603 docuit
1361 4544 1429 4602 iiam
1442 4545 1500 4618 ipse
1515 4544 1645 4602 Salvator
1657 4544 1763 4602 (bremt
1785 4564 1793 4599 z
1813 4546 1906 4621 m

249 4640 410 4703 quotam
421 4648 478 4690 nou
488 4633 588 4692 debent
597 4635 700 4693 babere
714 4648 860 4692 commune
869 4634 1044 4706 supplicium,
1057 4654 1089 4717 Β
1099 4632 1261 4691 Potemotem
1272 4632 1351 4689 bobes
1360 4633 1596 4705 poomdiunimors
1608 4648 1702 4700 mars,
1711 4643 1908 4706 etpotmratem
1948 4664 1953 4677 ·

250 4723 342 4782 sinoti
355 4725 457 4785 tabem
467 4736 786 4802 enmmnnepeeeatitnt:
800 4728 864 4800 qnia
880 4745 934 4786 nnn
947 4744 1046 4787 conve·
1099 4727 1180 4784 bobeo
1193 4727 1288 4783 iterum
1301 4726 1421 4782 sumendi
1435 4742 1494 4782 eum
1508 4725 1598 4797 (ioan.
1615 4742 1643 4794 x,
1655 4723 1701 4797 18)
1718 4744 1726 4779 2
1740 4738 1823 4797 quarn
1840 4727 1910 4785 sine

251 4816 464 4888 nitiustitlasliei
474 4820 604 4877 utanima
614 4834 676 4892 quae
685 4836 757 4878 novo
769 4821 880 4894 corpori
893 4821 984 4889 datur,
995 4835 1046 4879 nee
1099 4817 1183 4876 dnbio
1192 4826 1258 4875 tune
1271 4817 1372 4890 posuit,
1386 4832 1450 4875 eum
1469 4815 1634 4886 manumissa
1649 4815 1726 4884 dicit,
1741 4815 1805 4888 quia
1819 4817 1912 4874 ineis-

250 4920 312 4963 eum
324 4906 384 4979 ipso
404 4922 520 4981 eorpore
534 4919 715 4985 propagatur,
731 4926 793 4969 oum
805 4926 860 4983 qun
874 4925 1045 4969 communem
1100 4916 1162 4965 nato
1177 4908 1262 4980 eapite
1274 4909 1360 4964 onisii
1381 4909 1501 4981 spiritum
1518 4905 1613 4977 (loon.
1630 4923 1690 4972 nx,
1709 4899 1782 4979 buil
1799 4908 1913 4969 Anima

252 5014 306 5056 non
323 5001 404 5058 babet
420 5003 607 5074 propaginem,
622 5012 727 5060 reatum
739 5003 944 5076 propagationis
967 5018 1044 5061 oona·
1099 5015 1166 5058 aero
1179 5002 1298 5058 bumana
1307 4994 1338 5056 iu
1352 5014 1387 5056 eo
1405 4998 1547 5055 rationalis
1561 4997 1722 5066 emolitur,
1745 4997 1772 5054 in
1793 5014 1857 5071 qno
1872 5002 1913 5059 ait

253 5091 368 5161 pellann
379 5092 481 5151 brbere
493 5108 675 5151 nommunem.
1043 5094 1046 5097 ’
1100 5093 1245 5162 imaginem
1257 5097 1285 5147 et
1301 5090 1505 5148 similitudinem
1518 5089 1569 5147 liei
1581 5088 1652 5146 laeta
1668 5096 1806 5145 mmatnr.
1824 5088 1914 5150 nom

285 5185 353 5243 Cur.
368 5200 415 5245 xx.
429 5218 466 5233 -
475 5186 521 5246 51.
533 5187 575 5245 1111
586 5202 654 5246 uero
667 5187 715 5258 qui
727 5195 853 5244 asserunt
866 5186 970 5244 animas
984 5202 1047 5245 eum
1101 5183 1228 5241 diuinitus
1241 5181 1367 5240 homines
1377 5181 1557 5238 simonentm
1569 5196 1604 5237 ne
1617 5177 1682 5237 iant
1696 5181 1763 5237 sieut
1781 5197 1874 5256 equus
1885 5193 1917 5240 et

251 5276 410 5349 corporibus
427 5280 592 5352 propagari,
617 5287 731 5352 possunt
753 5279 863 5351 quidem
886 5294 921 5337 ex
934 5279 998 5350 boe,
1013 5274 1048 5336 ud
1100 5277 1197 5349 mulus,
1212 5276 1303 5352 quibus
1317 5293 1369 5334 oon
1383 5286 1422 5334 est
1434 5275 1582 5332 intellectus
1596 5274 1683 5348 (Psoi.
1695 5290 1769 5341 xm,
1782 5274 1828 5349 il).

251 5370 721 5444 ostendendnmloparvulislustum
732 5370 780 5429 liei
789 5371 931 5444 iudicium,
940 5368 1049 5429 firmare
1136 5368 1182 5426 bi.
1198 5369 1323 5426 Animam
1334 5383 1401 5425 vero
1418 5375 1524 5440 partem
1538 5366 1587 5424 Del
1600 5381 1671 5433 esse,
1694 5364 1722 5423 lo
1745 5374 1790 5422 est
1816 5368 1917 5426 nnius

252 5475 307 5517 non
322 5461 407 5520 solim
418 5461 523 5528 earnis,
544 5477 596 5520 nee
607 5461 692 5519 solius
704 5462 820 5532 animm,
843 5461 892 5519 sed
906 5462 1048 5533 utriusque
1102 5475 1164 5517 eum
1176 5457 1233 5517 lieo
1247 5473 1309 5516 esse
1323 5466 1435 5526 natura,
1446 5471 1517 5515 oseca
1531 5456 1741 5513 llaniebnomm
1752 5456 1845 5512 sentit
1856 5457 1918 5514 im-

252 5566 397 5611 eommune
410 5554 543 5627 originale
566 5561 721 5627 peceatum,
746 5562 779 5611 nt
799 5569 833 5611 er
853 5554 1045 5611 communione
1101 5555 1209 5627 pietas:
1229 5568 1290 5626 ane
1308 5553 1357 5610 liei
1384 5552 1560 5613 substantiam
1578 5565 1632 5607 nen
1646 5549 1733 5607 solum
1752 5549 1780 5605 iu
1800 5565 1920 5625 corpo-

253 5647 409 5717 propaqinis
418 5648 525 5719 peceati
538 5662 648 5722 quoque
657 5657 750 5707 reatus
760 5648 840 5720 iique
850 5648 975 5705 credatur
985 5660 1048 5704 esse
1100 5646 1175 5702 ribos
1186 5645 1337 5711 bominum,
1351 5656 1492 5716 pecorum,
1506 5641 1605 5707 aulum,
1614 5648 1696 5710 atqne
1705 5638 1824 5711 piscium
1834 5684 1847 5711 ,
1860 5657 1922 5702 re-

253 5739 405 5794 onmmunis
418 5757 426 5794 ι
441 5739 489 5796 sed
503 5741 531 5797 in
545 5740 762 5798 consideratione
774 5739 978 5810 seminumque
992 5752 1047 5793 nnn
1100 5736 1253 5792 rumesiam
1268 5735 1295 5791 in
1310 5733 1389 5804 lignis
1402 5741 1431 5790 et
1443 5732 1549 5798 herbis,
1572 5731 1600 5787 in
1619 5730 1760 5786 arboribus
1772 5736 1802 5785 et
1818 5732 1922 5791 oleri..

196 5870 200 5879 .
254 5838 385 5899 concepta
400 5841 533 5903 pereunt,
558 5835 669 5904 penitus
681 5833 880 5897 obmutescunt⁸
896 5833 906 5904 (
914 5833 981 5905 sorte
995 5830 1046 5886 ob·
1101 5826 1152 5882 bus
1165 5826 1298 5882 estimant
1310 5824 1473 5894 consputam.
1494 5821 1621 5892 ignorant
1634 5821 1706 5877 enim
1729 5818 1842 5889 miseri,
1861 5838 1924 5884 nes

252 5922 431 5995 muteseaoti.
455 5922 578 5979 boboam
602 5924 702 5996 qnippe
718 5923 867 5982 bamam
880 5933 984 5983 eertum
1005 5929 1048 5981 est
1102 5921 1311 5978 mtenbuntnon
1325 5920 1618 5977 boresseorentnratu
1629 5912 1922 5991 quotanssreators
2026 5904 2027 5909 ἵ
