4152 6344
251 380 306 436 a„
477 380 486 393 ·
762 377 932 435 mannum
948 380 1238 440 susrmczonu
1254 383 1380 441 urens.
1565 352 1597 370 ⁸
1830 390 1885 448 a

252 495 316 548 ιιι
329 506 399 545 nnn
413 492 544 547 niventes
555 491 595 545 sni
611 490 690 544 bodie
702 490 762 546 lnce
775 489 901 560 perimit.
912 490 1041 548 lindiede
1057 498 1078 556 Α
1092 508 1174 551 omine
1184 509 1269 564 genus
1278 499 1396 552 virorum
1408 497 1491 552 Atiam
1506 509 1742 570 nnvttsrecoperat
1751 500 1884 561 Dominus

252 563 323 618 arelo
334 562 406 616 bears
417 564 555 617 descendo
567 561 601 614 ad
615 560 799 626 bennincmmt
814 560 847 628 in,
855 561 924 616 coelo
938 561 1040 617 bomini
1091 565 1265 621 nanterlesns
1276 566 1408 632 sitristus,
1420 568 1465 637 qtri
1476 582 1536 622 cum
1544 567 1623 625 Patre
1639 578 1667 624 et
1676 570 1777 641 Spiritu
1787 585 1883 632 saneto

253 640 417 756 ‘appararet
429 646 578 712 mensura.
601 628 686 684 lindie
700 630 853 699 acecpimus
867 638 957 684 natum
980 632 1039 700 bei,
1089 636 1155 689 sinit
1174 645 1201 690 ct
1215 650 1309 706 regnat
1322 638 1408 703 licus,
1423 652 1471 708 per
1484 640 1576 694 otnniu
1598 641 1698 696 secuta
1710 643 1879 700 saeculorum.

277 698 1040 765 masiliammmntuntcrederrtlumSalratorern,benna
1091 705 1187 760 Amen.

251 771 288 825 de
298 771 389 834 Patre,
399 771 536 825 bominem
549 769 585 823 de
594 777 691 834 matre,
707 769 790 823 licum
801 769 947 834 occultum,
958 771 1039 825 bomi·
1343 794 1458 850 smum
1472 794 1593 852 mvn
1606 800 1617 819 ο

251 855 315 895 aera
329 839 510 893 nanilestnm.
532 837 566 892 Et
578 841 706 905 antoniam
726 837 849 894 diabolus
861 855 911 923 per
926 855 1041 908 serpen·
1399 890 1404 901 ,
1485 871 1509 902 ,·
1619 839 1627 853 ‘

252 920 310 965 wan
323 908 385 962 Bru
398 910 512 972 locutam
527 924 576 978 per
588 907 649 963 Erae
660 923 740 964 aures
750 908 849 963 mundo
861 902 950 963 mtulit
966 925 1040 964 nior·
1324 886 1364 941 ⁰⁶
1378 888 1420 943 ‘¹¹⁶
1432 898 1508 945 ‘mm
1521 889 1642 947 mm·

253 988 325 1042 tem,
340 978 411 1033 bens
423 994 473 1046 per
487 979 610 1047 angelum
623 979 656 1032 ad
670 977 781 1032 blaciam
795 980 906 1048 penulit
919 979 1039 1042 verbnm,
1125 977 1258 1034 llodlerna
1272 979 1316 1034 die
1330 979 1410 1035 blarci
1431 980 1605 1052 Emngelium
1620 983 1717 1043 lectum
1737 992 1794 1051 est,
1809 1000 1881 1055 quo·

252 1057 282 1102 et
294 1048 398 1103 canetis
410 1048 516 1103 sacculis
528 1049 610 1102 vitam
624 1046 726 1102 effudit.
750 1048 867 1114 Angelus
887 1062 1041 1103 sermonem
1090 1049 1172 1102 modo
1183 1064 1243 1104 cum
1258 1053 1417 1104 recitaretur
1426 1053 1547 1106 audistis.
1563 1052 1632 1118 Quid
1651 1066 1715 1122 ergo
1730 1055 1882 1114 audiuimus

250 1116 344 1185 eiecit,
356 1124 386 1172 et
395 1117 530 1174 Citristnm
544 1119 620 1185 uirgo
634 1117 766 1187 concepit.
778 1115 801 1171 0
814 1117 970 1185 conjunctio
984 1120 1042 1173 sine
1090 1117 1208 1173 blarenm
1222 1117 1377 1174 dicentem?
1399 1120 1477 1186 Quod
1488 1121 1642 1192 apparuerit
1654 1123 1782 1178 Dominus
1795 1125 1821 1179 in
1836 1127 1880 1181 via

251 1187 378 1241 sordibus
394 1187 475 1253 lacta,
491 1188 535 1242 ubi
548 1187 660 1241 maritos
677 1202 768 1242 mnne
782 1197 833 1247 est,
846 1194 875 1240 et
888 1202 957 1241 uxor
970 1189 1042 1242 anri·
1091 1187 1214 1241 dnobus:
1229 1188 1298 1243 sieut
1312 1189 1379 1243 dixit
1395 1198 1423 1244 et
1436 1190 1532 1252 Lucas,
1548 1190 1624 1260 cujus
1637 1190 1811 1261 Evangelium
1822 1195 1881 1250 lteri
1898 1250 1904 1261 ,

252 1256 330 1311 eulal
344 1254 403 1310 lloc
415 1257 559 1325 splendore
573 1257 727 1326 coneipitur
737 1256 783 1310 [tet
796 1256 886 1320 Filius,
903 1257 953 1310 ltae
964 1273 1043 1310 mun·
1090 1256 1240 1311 audivimns
1255 1275 1262 1310 :
1280 1259 1406 1328 Apparuit
1418 1261 1464 1323 eis,
1481 1260 1576 1329 inquit,
1590 1262 1726 1316 duobust'tt
1737 1264 1778 1316 ιιιίι
1787 1265 1815 1317 in
1826 1264 1880 1318 aba

248 1325 318 1379 alitia
328 1333 483 1393 generatur.
496 1327 571 1381 llulla
580 1325 637 1380 lieri
648 1327 765 1394 grauedo
772 1328 858 1397 potuit
867 1326 1041 1396 concipienti,
1091 1327 1174 1397 effipie
1185 1326 1281 1397 (liora.
1297 1344 1349 1384 nrt.
1365 1327 1418 1396 tu).
1436 1328 1521 1384 Liscus
1534 1340 1624 1386 autem
1639 1332 1691 1386 laec
1711 1332 1797 1400 ipsum
1820 1334 1880 1389 aliis

254 1395 327 1449 nulla
350 1396 455 1450 tristitia
476 1397 642 1464 parturienti.
666 1395 716 1462 Qui
741 1396 813 1449 enim
832 1403 943 1451 venerat
966 1397 1042 1453 triste
1090 1396 1180 1451 verbis
1201 1397 1277 1459 dixit,
1302 1397 1349 1451 scd
1374 1400 1407 1451 ab
1421 1397 1516 1453 eadem
1535 1401 1668 1455 sententia
1683 1416 1736 1455 non
1751 1403 1879 1458 deviavit.

249 1462 1039 1535 lxdstcaresaeculum,rentrisnoncentristaritltospitium.
1091 1465 1178 1520 Lucas
1188 1475 1277 1519 autem
1290 1468 1353 1535 qnid
1368 1468 1456 1522 distat
1478 1468 1641 1523 Tenebantur
1650 1471 1718 1526 acatt
1732 1487 1830 1535 comm,
1846 1489 1881 1527 ne

254 1533 294 1589 lie
303 1536 379 1590 ecelis
390 1535 509 1590 medicos
520 1537 653 1590 transiens
666 1551 715 1617 per
728 1536 868 1604 uirginem,
880 1545 942 1605 post
952 1544 1042 1589 tntis·
1090 1552 1147 1589 conr
1162 1544 1328 1607 opnosoerent
1340 1535 1415 1601 (inc.
1431 1553 1503 1597 actv,
1521 1539 1576 1607 td).
1592 1538 1697 1594 blancus
1711 1542 1878 1609 autempnid

254 1605 322 1658 itum
342 1621 420 1660 situm
442 1604 552 1659 illusam
568 1604 631 1660 lecit
645 1604 779 1672 Virginem
800 1619 967 1674 permanere.
990 1605 1041 1672 Qui
1091 1605 1178 1658 dixit?
1188 1607 1313 1676 Apparuit
1324 1607 1360 1660 eis
1372 1608 1400 1659 in
1413 1608 1466 1660 olio
1476 1608 1568 1679 epipie.
1584 1608 1660 1675 Quod
1671 1609 1716 1663 ille
1729 1611 1795 1672 dirit
1808 1628 1814 1662 ε
1829 1611 1880 1663 Te·

253 1674 327 1729 eninr
341 1675 462 1744 disrupta
474 1690 618 1744 eorpnrntn
632 1674 751 1729 membra
766 1675 792 1728 in
807 1674 867 1731 aliis
878 1684 985 1743 poterat
997 1691 1041 1729 re·
1091 1673 1218 1728 rebantur
1230 1675 1299 1729 oculi
1312 1693 1414 1740 mrtem,
1437 1692 1469 1739 ne
1483 1694 1541 1731 earn
1555 1687 1722 1746 apnescerent
1737 1695 1747 1733 .·
1762 1682 1814 1733 boc
1827 1680 1880 1734 iste

249 1743 407 1812 dintegrate
428 1744 582 1812 tangendo,
606 1745 815 1813 quantomagis
837 1745 863 1797 in
877 1760 925 1798 sua
945 1753 1041 1811 matre,
1091 1744 1168 1810 dicit,
1181 1746 1207 1798 in
1221 1746 1274 1798 alia
1293 1747 1382 1817 effipia
1399 1746 1457 1799 Alia
1468 1748 1538 1801 enim
1551 1744 1653 1817 elligies
1663 1749 1719 1802 nisa
1732 1756 1775 1803 est
1788 1752 1879 1804 relen-

251 1814 327 1936 ἓιιοιι
341 1814 443 1868 irruenit
458 1815 602 1883 integrum,
613 1815 699 1883 potuit
711 1829 765 1867 non
780 1812 881 1867 violare
890 1814 1038 1868 nascemini
1059 1815 1129 1915 Btis
1142 1815 1236 1875 oculis,
1253 1831 1307 1869 non
1321 1817 1429 1883 apertis.
1444 1815 1513 1882 Quid
1533 1830 1609 1884 ergo,
1624 1815 1734 1879 iratres,
1749 1820 1877 1888 qnoniam

276 1884 423 1937 mruenim
435 1883 578 1952 ejuspnrtu
590 1885 728 1952 integritas
736 1884 856 1952 corporis
866 1884 1041 1951 potiusquam
1088 1882 1179 1938 boens
1189 1885 1265 1949 dixit,
1281 1884 1353 1955 qued
1367 1885 1510 1940 crederes
1528 1886 1562 1940 de
1574 1887 1688 1941 lectione
1698 1887 1820 1941 bessem
1834 1902 1879 1942 re·

253 1951 374 2007 decrevit
388 1971 394 2004 :
410 1961 438 2007 et
453 1953 590 2022 virginitas
603 1953 729 2022 ampliata
743 1962 786 2008 est
798 1954 977 2022 potiusquam
998 1955 1041 2007 lu·
1091 1954 1244 2008 centissime
1268 1954 1428 2009 meminisse.
1450 1955 1581 2020 Quoniam
1604 1970 1669 2023 ergo
1691 1957 1777 2011 Lucas
1798 1957 1878 2019 dixit,

252 2028 325 2092 gata.
342 2020 370 2075 in
383 2038 407 2076 ar
418 2025 486 2091 gusti
499 2024 620 2092 corporis
634 2024 761 2078 membris
773 2022 899 2077 sustinuit
910 2021 1043 2092 qotdootd
1091 2024 1163 2092 quod
1176 2038 1238 2077 eum
1253 2023 1420 2079 benedictum
1442 2022 1576 2092 lrangerct
1588 2039 1700 2094 grauem,
1715 2034 1802 2094 aperti
1814 2034 1880 2079 sunt

251 2090 385 2146 sustinent
399 2092 470 2147 eccli.
492 2091 573 2146 clena
587 2101 650 2148 stmt
662 2094 780 2157 viscera,
804 2100 832 2146 et
846 2092 947 2147 nulium
968 2094 1042 2146 norit
1092 2093 1164 2148 oculi
1185 2108 1294 2159 eorum,
1314 2101 1341 2148 et
1355 2101 1521 2161 agnoverunt
1534 2108 1605 2148 eum.
1621 2093 1688 2159 Quid
1703 2102 1838 2164 putamus,
1853 2098 1877 2150 si

252 2161 405 2228 contagium
425 2162 534 2231 virginis
555 2162 731 2217 conscicntia.
756 2168 822 2215 tium
836 2169 908 2217 esset
921 2163 1039 2230 gravida,
1091 2170 1155 2217 tnnc
1168 2163 1252 2232 aperti
1267 2162 1408 2218 suntoculi
1419 2177 1521 2227 eorum,
1533 2163 1704 2231 ergoclausis
1717 2165 1802 2219 oeulis
1814 2181 1877 2219 curu

151 2244 156 2255 ·
251 2231 352 2285 salubri
367 2232 477 2286 ienitate
497 2232 663 2301 plaudebat:
680 2231 770 2286 lumen
785 2231 856 2286 enim
878 2231 950 2300 quod
971 2232 1040 2285 intra
1092 2232 1138 2288 illo
1153 2233 1179 2286 in
1193 2233 1237 2286 via
1250 2232 1463 2299 comitabantur,
1481 2240 1508 2286 et
1522 2241 1646 2302 poterant
1659 2234 1728 2287 scire
1740 2234 1787 2286 ubi
1802 2247 1878 2301 gres·

252 2315 284 2354 se
306 2300 432 2365 habebat,
456 2299 560 2370 pondus
574 2302 674 2356 babere
697 2317 751 2355 non
766 2309 883 2370 poterat.
904 2300 986 2356 Facta
999 2309 1041 2355 est
1090 2316 1136 2355 sus
1148 2310 1286 2371 ponerent,
1300 2302 1321 2355 si
1330 2302 1437 2357 clausos
1446 2304 1539 2357 oculos
1551 2303 1699 2357 baberent?
1712 2302 1804 2372 dpertr
1814 2312 1878 2358 sunt

251 2367 335 2423 floria
350 2368 466 2426 fenestra
490 2370 569 2437 omli,
590 2372 652 2439 qnia
675 2385 725 2439 per
745 2372 829 2439 ipsunt
857 2370 928 2425 Deus
947 2386 1040 2425 rernm
1089 2384 1156 2439 ergo
1169 2372 1202 2425 ad
1225 2372 1422 2437 cognitionem,
1449 2386 1503 2426 tren
1527 2371 1560 2425 ad
1583 2372 1726 2426 visionem.
1748 2372 1878 2428 boninus

148 2434 154 2445 ⁴
251 2437 318 2494 indit
338 2442 441 2496 secutis
460 2440 568 2507 lumen;
582 2439 651 2494 lacta
665 2449 707 2494 est
727 2439 808 2494 blaria
824 2440 896 2494 scala
913 2441 1040 2505 coelestis,
1091 2440 1181 2510 itaque
1196 2449 1288 2495 noster
1309 2440 1386 2496 iesus
1398 2439 1520 2495 Christus
1534 2449 1598 2495 ante
1620 2442 1697 2523 panis
1718 2441 1877 2497 fractionem

251 2508 316 2589 quia
335 2524 384 2579 per
410 2512 495 2592 ipsam
518 2509 589 2565 Deus
611 2510 750 2565 deseendit
767 2512 801 2564 ad
816 2519 922 2572 terras,
951 2518 977 2563 ut
992 2524 1041 2580 per
1090 2510 1878 2593 incognitusioquitnreumbominibus,tnpanislractioae

243 2580 509 2729 'castalida
522 2580 671 2705 :diiii
682 2579 1042 2718 nitidisnitidis:
1089 2579 1878 2719 diditi?,cillialidli.lititlttitttlt

250 2718 348 2772 nntad
359 2727 445 2774 terras
453 2718 639 2789 periirginem
647 2718 758 2773 llariam
768 2716 949 2772 descendisse.
960 2718 1040 2774 iacta
1089 2728 1210 2773 sanctiam
1223 2718 1413 2783 coangelistam
1427 2717 1557 2773 loannem
1570 2736 1577 2772 z
1594 2718 1686 2773 Modo
1696 2727 1755 2772 aum
1766 2723 1878 2774 maasia

249 2795 293 2842 est
313 2787 394 2842 ilaria
409 2790 569 2845 restauratio
584 2789 757 2854 taurinorum,
776 2790 840 2857 quia
858 2802 907 2858 per
925 2789 1039 2857 ipsamu
1089 2804 1135 2842 nes
1149 2789 1219 2858 apnd
1234 2789 1336 2842 Patrem
1350 2805 1442 2842 menan.
1452 2788 1553 2859 diiooui
1567 2788 1678 2843 dicerem
1687 2787 1767 2855 coiis,
1778 2788 1820 2843 iio
1834 2807 1879 2859 pa·

250 2858 326 2911 ruina
339 2859 431 2927 prinae
446 2859 640 2914 maledictionis
654 2860 803 2927 probantur
813 2872 873 2912 esse
884 2860 1037 2913 subtractae.
1089 2875 1148 2911 rare
1157 2858 1226 2912 nabis
1239 2860 1332 2912 locam.
1350 2859 1404 2913 Sed
1416 2860 1438 2911 si
1450 2858 1512 2919 iero,
1528 2865 1554 2911 et
1570 2873 1706 2927 pararem,
1727 2859 1822 2911 itarnm
1833 2875 1879 2912 oe

250 2925 312 2981 'iria
323 2930 439 2996 denique
450 2928 518 2982 mala
533 2927 622 2982 Enaa
638 2929 723 2982 tribus
737 2927 816 2982 bonis
825 2927 915 2981 bieria
926 2929 1041 2997 proban·
1088 2927 1162 2981 niens
1173 2943 1302 2981 numnam
1316 2930 1359 2982 co's
1380 2927 1470 2997 (lona.
1485 2926 1576 2994 ranst,
1590 2926 1630 2997 5).
1646 2927 1749 2996 llospes
1762 2927 1789 2981 in
1805 2937 1879 2983 terra

248 3004 295 3050 tur
305 2998 422 3052 esclusa.
439 2996 505 3052 Nam
519 2995 580 3052 uas
593 2998 693 3053 dictum
703 3005 763 3051 est:
780 2996 814 3051 ln
828 2995 959 3051 doiorilrns
971 3007 999 3051 et
1010 2999 1038 3052 in
1088 3010 1148 3051 esse
1158 2997 1242 3051 volmt
1255 2996 1383 3053 Dominus
1396 2997 1457 3052 coeli
1472 3015 1479 3048 :
1513 2996 1651 3064 eregrinns
1664 2998 1690 3050 in
1701 2996 1813 3063 ariundo,
1828 3012 1879 3065 per

250 3067 355 3144 tristitia
371 3069 474 3135 parics,
488 3075 512 3121 et
526 3068 560 3120 ad
574 3068 656 3121 enum
667 3068 798 3121 caneerrio
813 3078 868 3133 trra,
883 3074 907 3120 et
927 3067 982 3135 ipse
995 3067 1040 3121 do·
1088 3079 1172 3134 quem
1183 3065 1269 3121 laetus
1282 3074 1324 3121 est
1343 3068 1468 3123 mundus.
1490 3013 1594 3136 Respes
1608 3080 1668 3120 esse
1686 3067 1809 3134 dignatus
1823 3075 1877 3132 est,

249 3137 390 3191 mnaiitur
403 3140 440 3191 tsi
457 3135 562 3207 (dem
579 3153 616 3200 ur,
633 3135 688 3203 111).
715 3135 812 3192 Tribus
824 3149 890 3205 crgo
903 3135 945 3190 bis
960 3136 1038 3192 malis
1088 3144 1118 3188 ut
1132 3144 1160 3189 tu
1176 3136 1291 3191 haberes
1303 3136 1474 3206 suscipiendo
1487 3135 1711 3190 benedictionem.
1738 3135 1798 3189 Non
1813 3136 1877 3205 quia

249 3220 279 3260 se
299 3205 443 3275 subjugant
464 3205 568 3262 lentina
582 3220 642 3275 qum
665 3205 775 3259 biaciam
799 3222 852 3259 non
877 3214 1036 3274 sequuntur,
1052 3204 1134 3278 cille
1155 3205 1309 3285 indigebat,
1333 3220 1394 3261 enm
1416 3205 1514 3275 hospes
1540 3205 1665 3259 intrabat.
1696 3203 1780 3258 lilium
1805 3220 1879 3260 sem·

249 3274 348 3340 dolori,
365 3277 633 3342 tristitizesernituti.
659 3274 740 3329 Maria
761 3284 851 3329 autern
872 3275 1036 3343 econtrario,
1088 3290 1137 3345 per
1160 3274 1237 3330 inmas
1251 3283 1372 3345 tempore
1392 3290 1442 3345 per
1466 3288 1576 3330 cornum
1598 3273 1725 3330 Dominus
1748 3275 1879 3343 pascebat

248 3346 555 3471 abttiliitlti
578 3346 666 3469 ‘tis
682 3345 1037 3470 blanditias}
1087 3342 1877 3470 didacidi‘ilttbtbitltbtitdbdta

248 3456 419 3555 plenitudinis
441 3486 543 3554 gratim.
590 3485 614 3541 ie
627 3456 698 3539 enirn
722 3498 781 3538 earn
804 3484 915 3553 angelus
938 3483 1037 3551 legitur
1087 3498 1179 3553 panes,
1192 3482 1374 3555 advesperam
1387 3498 1492 3538 carnes.
1511 3483 1570 3538 lion
1589 3482 1732 3552 indigebat
1749 3482 1795 3537 ille
1809 3496 1876 3551 ergo

248 3544 401 3609 salutasse:
421 3555 489 3618 dre,
505 3554 607 3615 dada,
629 3556 714 3626 pratia
727 3556 804 3625 plena
826 3570 835 3608 ε
855 3552 991 3607 benedicta
1010 3562 1037 3607 ιιι
1086 3568 1166 3624 quem
1181 3553 1310 3609 liontinus
1330 3554 1458 3608 ministris
1471 3553 1566 3608 avibm
1579 3554 1716 3621 pascebat.
1737 3550 1770 3605 Et
1785 3561 1876 3607 tamen

248 3625 445 3678 intermulieres
456 3622 531 3694 (doc.
544 3641 561 3687 ι,
574 3623 633 3695 28).
646 3623 713 3679 Catu
728 3624 811 3677 dicit:
827 3625 888 3687 doe,
901 3624 1039 3678 salutatio·
1085 3626 1208 3691 ornatitiis
1232 3623 1304 3679 Elias
1320 3638 1373 3678 non
1402 3622 1549 3692 indigeret,
1575 3622 1688 3676 mittitur
1709 3622 1742 3675 ad
1766 3620 1877 3677 viduato

248 3707 312 3749 nem
322 3693 360 3749 iili
374 3696 511 3750 culmum
525 3695 654 3757 exbibuin
668 3709 729 3749 eum
743 3692 829 3748 dixit:
846 3691 939 3748 Gratia
948 3694 1035 3762 pata,
1086 3692 1274 3762 Sareptenam,
1287 3708 1339 3748 nen
1350 3692 1471 3761 indigens
1480 3691 1514 3746 ad
1529 3692 1690 3759 indigentem
1704 3707 1712 3743 t
1724 3706 1778 3746 non
1793 3700 1824 3744 ut
1830 3690 1878 3747 illo

247 3763 365 3819 esterniit
377 3779 410 3819 ea
426 3765 531 3833 integro
545 3765 610 3818 iram
625 3763 761 3818 exclusam
774 3764 876 3833 primm
897 3764 1038 3818 senterrtias
1086 3770 1291 3824 sustentaretur,
1316 3762 1362 3816 scd
1378 3771 1407 3816 ut
1429 3761 1472 3816 ilia
1487 3762 1638 3819 satiaretur.
1664 3760 1710 3814 lila
1733 3775 1801 3815 nero
1813 3775 1878 3831 qua

247 3840 276 3887 et
289 3833 375 3903 pienee
389 3834 448 3906 (ab,
461 3833 579 3904 plenam)
591 3833 785 3888 benedictionis
797 3833 911 3901 gratiam
926 3833 1036 3886 restite·
1086 3833 1224 3903 suscipere
1234 3847 1288 3887 uon
1298 3831 1437 3895 dubitavit,
1450 3830 1565 3886 olierens
1576 3830 1761 3895 relectionem,
1775 3831 1878 3884 meruit

247 3910 322 3962 um:
336 3918 397 3957 curn
408 3904 476 3959 dixit
490 3921 497 3956 :
514 3902 653 3957 Benedicta
667 3912 694 3956 tn
703 3905 771 3956 inter
783 3904 911 3968 arctiores,
928 3903 1037 3970 uirgini-
1085 3902 1308 3958 benedictionem.
1324 3900 1408 3957 Nemo
1415 3900 1558 3972 superbiat
1571 3902 1632 3973 quia
1642 3902 1689 3954 dat
1699 3898 1875 3969 pauperibus,

247 3973 311 4025 tatis
323 3972 381 4041 ejas
394 3972 563 4029 benedictum
576 3973 689 4028 iruetum
701 3975 843 4042 expressit,
857 3981 886 4027 ut
898 3987 932 4027 ex
944 3989 978 4027 eo
989 3974 1037 4027 be-
1086 3972 1208 4027 Cbristus
1222 3986 1324 4044 pauper
1337 3972 1381 4026 liic
1393 3970 1451 4026 luit.
1477 3969 1561 4026 Nemo
1579 3968 1715 4040 superbiat
1733 3969 1796 4038 quia
1810 3984 1877 4024 enm

246 4042 351 4107 nemu
366 4043 469 4098 dicatur
479 4042 550 4097 inter
563 4042 689 4098 mulieres
702 4058 867 4111 ptmeeunoue
879 4056 1036 4113 persevera·
1085 4044 1203 4112 suscepit
1217 4043 1365 4112 bospitem,
1380 4039 1503 4097 Christus
1525 4040 1622 4110 hospes
1636 4040 1680 4094 bic
1697 4037 1755 4091 init.
1778 4036 1877 4093 blelinr

246 4110 411 4179 neritnitgo.
429 4109 569 4166 ilaiedieta
583 4113 655 4167 enim
674 4110 728 4165 Eva
744 4112 844 4176 inerat,
868 4126 949 4182 quam
964 4127 1036 4168 nune
1086 4121 1128 4167 est
1156 4121 1296 4181 susceptus
1344 4125 1405 4165 uam
1433 4109 1600 4179 suscipiens,
1632 4109 1714 4164 ditior
1739 4108 1877 4176 accipiam

245 4180 379 4235 eredimus
393 4196 442 4251 per
461 4179 572 4234 ilarianr
586 4181 621 4234 ad
643 4180 855 4235 benedictionem
877 4181 968 4248 gloriae
991 4197 1035 4236 re·
1085 4196 1165 4251 quam
1191 4182 1309 4236 tradens.
1322 4126 1373 4247 3ιί
1394 4180 1552 4249 accipiebat,
1576 4188 1671 4235 cuncta
1694 4177 1875 4248 possidebat:

245 4263 360 4305 anasse
373 4249 478 4316 Venite,
493 4249 619 4318 virgines,
634 4250 667 4304 ad
679 4249 826 4317 Virginem,
847 4261 874 4304 et
885 4250 1011 4305 letamini
1025 4267 1033 4316 ;
1085 4252 1131 4375 aui
1169 4250 1275 4315 dabat,
1308 4252 1341 4304 ab
1365 4250 1413 4305 ilio
1439 4249 1482 4303 cni
1509 4249 1591 4304 dabat
1627 4255 1769 4319 acceperat
1801 4247 1878 4318 quod
1933 4256 1938 4261 ·

175 4344 178 4351 ¹
245 4317 373 4390 deponite
393 4319 607 4374 maledictionem
629 4320 875 4389 praevaricationis,
898 4327 927 4373 et
951 4320 1036 4375 berre·
1104 4322 1174 4376 abst.
1191 4319 1275 4375 Neine
1297 4333 1361 4389 ergo
1381 4319 1533 4389 superbiat,
1557 4317 1654 4375 iratres
1672 4318 1739 4381 mei,
1764 4317 1879 4386 quanda

244 4387 390 4445 dictionem
405 4389 609 4444 restaurationis
622 4388 760 4443 assumite.
784 4387 1034 4458 Projieitedoleres
1084 4390 1130 4446 dat
1154 4391 1274 4461 pauperi.
1299 4389 1358 4445 llou
1380 4388 1452 4444 dicut
1477 4389 1503 4444 in
1528 4389 1618 4444 animo
1637 4403 1687 4443 suo
1711 4404 1718 4441 ε
1745 4384 1806 4454 Ege
1827 4387 1876 4451 do,

244 4473 314 4528 nuos
328 4456 382 4514 Era
395 4475 443 4530 per
453 4466 607 4528 serpentem
622 4459 741 4528 accepit,
766 4466 794 4513 et
808 4474 876 4530 quos
889 4468 939 4530 per
951 4473 1035 4528 ange·
1085 4460 1130 4516 iile
1143 4459 1261 4528 accipin
1284 4472 1335 4527 ego
1348 4458 1485 4528 suscipio,
1509 4457 1555 4513 ilie
1577 4457 1679 4526 indiget
1692 4466 1774 4529 tecto.
1791 4454 1878 4511 ione

244 4529 299 4584 lum
307 4528 387 4584 blaria
399 4533 515 4601 suscepit
523 4529 640 4584 honores
647 4530 784 4585 assumite.
793 4526 888 4586 Pellite
897 4530 1032 4585 tristitiom
1085 4531 1110 4585 ei
1123 4546 1177 4602 quo
1193 4539 1221 4583 ιιι
1244 4530 1347 4599 indiges
1364 4528 1424 4599 plus
1445 4537 1497 4591 est,
1510 4528 1580 4582 iortc
1599 4542 1680 4597 anem
1699 4526 1814 4607 suscipis
1830 4526 1878 4592 ju·

243 4599 429 4668 concipientis,
451 4601 567 4668 gemitus
582 4599 756 4670 parturientis
769 4598 890 4667 abjicite,
906 4609 936 4654 ιιι
959 4600 1032 4655 solus
1047 4585 1142 4657 Dstos
1155 4608 1206 4655 est.
1230 4598 1278 4654 lile
1298 4597 1399 4667 indiget
1412 4613 1500 4669 pane,
1521 4607 1550 4651 tn
1563 4600 1685 4652 veritate.
1712 4595 1759 4650 lile
1772 4595 1878 4661 tndiget

244 4667 320 4723 robis
330 4669 379 4724 iste
395 4668 509 4738 Virginis
519 4668 590 4726 itlius
602 4669 764 4724 dominetur.
780 4669 887 4730 Venite,
901 4670 1030 4738 uirgines,
1084 4678 1173 4732 tecto,
1188 4677 1216 4722 tn
1231 4669 1311 4725 coelo.
1332 4666 1377 4724 lile
1397 4668 1498 4736 indiget
1517 4668 1645 4737 pectinis,
1661 4677 1688 4721 tn
1699 4665 1814 4735 justitia.
1826 4663 1879 4719 lile

242 4737 277 4793 cd
292 4737 436 4807 Virginem,
452 4739 551 4805 uenite,
565 4739 760 4807 concipientes,
776 4738 808 4792 ad
823 4740 1031 4809 concipientem,
1083 4753 1148 4808 crgo
1170 4754 1273 4808 pauper
1293 4748 1434 4808 susceptus
1455 4746 1498 4791 est
1521 4737 1638 4806 bospitio
1659 4736 1735 4819 qnasi
1759 4748 1876 4804 pauper.

242 4809 332 4861 tende
345 4809 524 4878 parturientes
537 4809 570 4862 ad
584 4808 786 4879 parturientem,
802 4812 902 4875 venite,
917 4819 1028 4873 matres,
1082 4806 1205 4876 cignano
1231 4808 1280 4862 luit
1299 4808 1369 4863 susci
1390 4807 1486 4872 isatis,
1513 4822 1566 4861 non
1589 4808 1695 4862 misena
1718 4805 1877 4873 indigeatis.

242 4875 417 4942 nlrrratrem,
432 4880 531 4944 senia,
546 4878 686 4939 laetantes,
702 4877 736 4931 ud
755 4877 914 4941 laetarrtern,
932 4880 1031 4945 venite,
1084 4877 1165 4934 Forte
1178 4879 1245 4933 dicis
1258 4879 1306 4932 tibi
1332 4895 1339 4930 z
1362 4824 1388 4931 S
1403 4878 1474 4933 beati
1497 4877 1544 4946 oui
1564 4883 1720 4931 tuenterunt
1734 4874 1880 4942 suscipere

240 4944 399 5014 bitettenlae,
408 4946 698 5016 adiuveneulam,ldeo
709 4948 1030 5004 emaesistoscursusna·
1082 4948 1230 5002 Christum!
1246 4945 1299 5003 Osi
1310 4956 1337 5002 et
1351 4960 1402 5016 ego
1412 4956 1476 5001 tunc
1487 4945 1589 5001 essem!
1602 4946 1656 5000 Osi
1671 4959 1740 5000 nnus
1755 4944 1791 4997 de
1802 4947 1877 4997 duo-

241 5022 308 5071 turm
322 5019 397 5087 virgo
410 5016 491 5071 llaria
504 5019 532 5073 in
542 5015 657 5072 liomino
671 5022 763 5071 nostro
775 5015 952 5073 iesttcbristo
965 5032 1028 5073 sars-
1081 5017 1132 5072 bus
1145 5017 1253 5073 inissem
1269 5018 1320 5071 iilis
1333 5033 1402 5086 quos
1415 5018 1516 5071 invertit
1532 5015 1559 5069 in
1568 5016 1612 5069 ria
1623 5016 1632 5069 1
1645 5014 1684 5069 Tu
1698 5022 1762 5069 esto
1775 5014 1831 5076 oia,
1847 5020 1881 5092 et

240 5086 322 5154 cepit,
338 5096 368 5140 ιιι
381 5088 505 5141 omatibus
530 5086 564 5142 ad
576 5102 606 5142 se
622 5086 837 5154 confugientibus
851 5087 956 5142 seminis
969 5086 1030 5142 suit·
1079 5102 1134 5141 non
1145 5088 1231 5143 deerit
1244 5088 1342 5156 bospes
1356 5086 1489 5140 Christus.
1506 5084 1668 5139 Putasenint
1679 5084 1736 5153 jam
1751 5098 1806 5136 non
1821 5082 1878 5135 tiba

240 5156 353 5220 veniret,
368 5165 397 5212 et
410 5158 448 5212 cic
460 5165 623 5212 restauraret
633 5171 714 5211 omne
723 5169 810 5224 genus
825 5156 982 5211 feminarum
993 5156 1027 5209 nd
1079 5156 1159 5211 licere
1172 5158 1308 5227 suscipere
1321 5155 1474 5211 Christum?
1490 5153 1578 5220 liade,
1594 5153 1777 5224 itaquis,·licet
1787 5154 1799 5204 t
1811 5148 1880 5231 lam

240 5238 270 5279 se
283 5227 446 5282 renuntiem
457 5240 526 5281 stota
542 5225 597 5281 Ena
609 5225 741 5281 seruando
756 5226 946 5293 uirginitatem,
958 5227 1029 5281 sicut
1081 5241 1224 5294 resurgens
1239 5227 1424 5282 nranilestatus
1439 5234 1481 5280 cst
1499 5225 1636 5294 discipulis
1655 5226 1719 5279 stris.
1744 5221 1883 5276 Ascerrdrt

241 5421 303 5475 stiai
321 5422 500 5493 :atbeologis
517 5421 793 5493 Latrantensibusjum
815 5424 962 5494 Augustino
978 5424 1028 5478 ab·
1080 5426 1302 5489 tere,sicatontne
1342 5425 1696 5480 armoirorsmddasnnonus
1718 5436 1883 5494 comparat,-

240 5490 381 5557 indieatns.
398 5494 559 5549 Alterutrins
573 5493 667 5547 lionam
683 5503 862 5550 occinentem
876 5496 955 5563 sapit,
977 5509 1028 5549 nee
1076 5494 1152 5563 into
1167 5504 1302 5562 postrema
1331 5511 1369 5549 uc
1379 5497 1460 5549 verba
1475 5497 1501 5550 in
1512 5510 1560 5549 ora
1573 5495 1633 5549 libri
1643 5492 1790 5547 scribitur:
1805 5492 1884 5551 ιιι-ο

240 5560 338 5629 stylum
352 5562 453 5630 inaptec
466 5563 494 5617 ln
504 5562 576 5617 edito
587 5560 706 5622 Basileia,
718 5578 777 5617 curu
787 5564 852 5619 dicit
865 5565 942 5626 inira,
954 5562 1027 5634 quod
1079 5580 1138 5617 turn
1146 5566 1249 5633 pietatis
1262 5565 1319 5617 sale
1339 5566 1506 5633 ιαιιιριιιιιιιιιι
1524 5574 1549 5616 et
1561 5562 1714 5634 rmripenda
1727 5574 1798 5615 sont.
1815 5562 1882 5618 Neo

240 5628 298 5682 idco
310 5646 398 5685 estraes
409 5634 567 5687 istoscarstta
579 5641 681 5684 nature
696 5630 903 5703 Virpoliariain
915 5632 1027 5688 namna
1077 5649 1126 5704 pue
1139 5634 1208 5686 eninr
1229 5636 1357 5688 sincerans
1378 5636 1492 5689 recitatis
1513 5635 1554 5686 ios
1573 5633 1687 5703 sapiam.
1709 5660 1745 5674 -
1760 5629 1885 5698 Legitur

239 5696 304 5751 iesu
314 5697 414 5756 Cirista
424 5704 544 5770 meapte.
559 5711 587 5753 ιιι
601 5699 717 5755 onrniiaa
731 5702 766 5755 ad
780 5720 807 5757 se
820 5702 1026 5775 conispientibas
1079 5702 1149 5773 apsud
1160 5703 1344 5772 augustinum,
1357 5703 1483 5759 editionis
1492 5711 1593 5757 nostrae
1606 5711 1671 5755 tom.
1681 5700 1713 5764 V,
1724 5700 1779 5755 eol.
1789 5699 1881 5759 tabu.

241 5769 343 5836 [cattinis
352 5768 509 5832 subueniret,
521 5780 546 5823 ct
557 5772 593 5823 sic
606 5779 762 5825 restauraret
772 5789 849 5827 omne
863 5790 940 5845 petrus
952 5772 1028 5844 semt‘-
1116 5777 1123 5792 “
1139 5771 1215 5841 Apud
1237 5775 1303 5844 Aug.
1326 5788 1416 5828 sermo
1431 5771 1499 5836 tte,
1524 5772 1559 5827 de
1582 5771 1736 5841 Terttpurc,
1758 5771 1804 5826 sed
1825 5770 1884 5832 bic

240 5851 332 5891 ιιιιιιιιιι
347 5836 381 5888 ad
394 5854 422 5892 sc
435 5838 586 5895 senientiam
600 5854 665 5893 nocta
679 5838 735 5894 Eua
748 5843 874 5899 screando
894 5844 1027 5916 cirpinita·
1079 5849 1198 5897 truncus.
