4106 6330
142 420 202 487 'lid
832 432 1097 496 inobendientia,
1235 450 1238 456 ’
1745 440 1795 501 lid

143 559 252 611 euroin,
268 543 364 600 beatus
381 536 510 603 iidelieet
522 540 691 617 Fulgentius,
711 544 841 605 docendis
855 546 945 606 iratri-
958 555 986 617 A
997 549 1087 606 baiori
1110 549 1174 622 quid
1194 550 1384 624 proiecissent,
1403 552 1427 611 si
1440 552 1551 626 flagellis
1564 552 1684 612 membra
1702 556 1795 612 oinuia

141 634 197 694 bus
206 634 381 709 peculiariter
394 636 520 702 uacabat,
532 637 635 694 alterio
647 638 806 708 quotidiano
820 640 944 698 ministe·
996 643 1188 716 dissipantibus
1210 661 1226 702 a
1250 647 1302 704 ilde
1321 663 1387 706 rere
1411 631 1524 707 minime
1550 645 1724 706 defecissent.
1744 646 1796 706 Ne·

140 728 187 785 rie
198 726 342 785 sollicitius
355 727 506 783 laborabat,
527 727 785 800 Supervenientibus
805 728 943 802 iratribus,
995 736 1113 793 scientes
1130 751 1195 807 ergo
1209 739 1388 809 cogitationes
1405 740 1515 810 maligni
1527 739 1676 811 serpentis,
1692 736 1796 794 baben·

139 820 214 877 unus
233 820 346 877 terbum
365 820 413 877 Dei
427 820 599 894 singulariter
618 824 795 895 praedicabat,
809 827 881 884 alter
893 827 945 883 bo·
996 836 1090 899 resque
1103 827 1226 886 fiduciam
1240 832 1422 899 conscientiae,
1436 831 1501 888 nibil
1513 832 1650 902 timentes,
1665 830 1744 887 ambe
1757 829 1795 887 si-

137 910 321 999 spitalitatem
344 909 488 1004 diiigenter
506 914 682 985 praeparabat,
698 924 726 970 et
741 915 864 971 hilariter
877 915 944 973 otle-
995 922 1051 975 mul
1063 922 1254 991 gradiebantur
1266 940 1360 982 seeum
1373 926 1526 997 loquentes.

70 1098 73 1107 ,
138 998 230 1107 libat·
243 1001 314 1059 Nihil
327 1004 396 1110 anf*
408 1004 469 1061 33⁰⁰
483 1012 617 1110 ‘insensu
639 1007 751 1065 anesius
764 1007 877 1113 Ῐθθῑθῃῗι
895 1010 944 1066 sed
994 1033 1086 1091 Carnu
1100 1053 1127 1091 x.
1143 1036 1277 1092 sistuntur
1290 1039 1389 1095 Arione
1400 1039 1558 1111 presbytero.
1571 1037 1642 1115 Miro
1653 1036 1793 1094 crudeliter

135 1094 274 1152 sicambe
288 1105 483 1155 oeteuserant
502 1107 681 1170 imperantes,
698 1108 728 1156 ut
746 1100 797 1158 sub
816 1117 893 1157 unius
912 1116 943 1158 se
1029 1105 1132 1162 Amani.
1153 1107 1295 1164 Vehemens
1318 1111 1413 1165 coritm
1433 1109 1531 1165 Friicii
1550 1108 1662 1163 edentii.
1677 1107 1793 1163 ceditur

134 1184 237 1269 regula
252 1174 396 1245 crederent
414 1190 588 1247 constitutos.
615 1190 655 1247 lta
669 1192 733 1248 duni
754 1194 866 1249 timebat
879 1192 943 1248 Ful·
1029 1174 1118 1232 Felix·

133 1279 273 1365 gentium·
287 1279 427 1338 elicndere
449 1278 543 1351 Felix,
566 1280 747 1356 'Febremqne
770 1284 940 1357 Fuigentius,
1029 1289 1062 1345 Et
1082 1308 1146 1349 ecce
1169 1295 1259 1349 subito
1276 1294 1352 1365 quasi
1368 1294 1494 1351 uiolentia
1517 1295 1671 1351 sevissimis
1686 1302 1791 1364 tempe·

133 1370 314 1459 mortificatis
326 1374 510 1433 voluntatibus
525 1378 642 1450 propriis
654 1387 767 1450 uterque
781 1380 899 1447 virebat,
914 1388 943 1435 et
992 1386 1070 1440 statis
1085 1385 1186 1442 invadit
1208 1388 1341 1454 iurantes,
1361 1387 1456 1443 dividit
1468 1388 1586 1458 iunctos,
1602 1389 1665 1458 ligat
1679 1387 1789 1453 diiisos,

135 1458 175 1525 de
194 1467 309 1524 batrinn
331 1469 429 1540 quibus
449 1468 628 1527 consulebant
650 1469 766 1528 utilitate
782 1471 940 1538 laudabiles,
993 1483 1021 1529 et
1040 1474 1169 1532 letalibus
1188 1478 1300 1533 vinculis
1322 1486 1449 1534 onerates
1463 1479 1586 1549 perducit
1604 1477 1637 1532 ad
1651 1477 1790 1550 presbyte-

132 1554 164 1615 et
180 1559 215 1615 de
228 1567 323 1616 mutua
335 1576 417 1632 quam
428 1561 480 1618 sibl
491 1558 639 1617 reddebant
649 1563 764 1618 inuicem
775 1562 941 1633 subiectione
993 1578 1053 1619 rum
1067 1565 1183 1623 vinctos.
1196 1564 1355 1623 Eillcinntur
1368 1568 1457 1623 subite
1469 1569 1527 1624 sinc
1541 1567 1654 1623 crimine
1667 1569 1716 1632 rei,
1732 1565 1791 1623 sine

132 1652 277 1711 sublimes.
304 1654 370 1723 Quis
396 1654 474 1711 istius
495 1654 608 1712 allectus
634 1656 772 1727 explicare
794 1658 878 1729 possit
901 1657 943 1712 lo·
992 1656 1056 1712 belli
1071 1666 1146 1713 sorte
1160 1646 1269 1730 captiui.
1285 1658 1386 1727 Quibus
1401 1659 1472 1714 enim
1489 1658 1652 1728 fngientibus
1666 1656 1791 1712 nihilne·

132 1746 246 1819 quondo
261 1747 413 1803 virtutem?
428 1747 503 1816 Ques
515 1749 608 1820 quieta
626 1764 679 1820 pax
697 1749 872 1817 adunaverat,
890 1766 941 1806 nec
992 1764 1054 1805 cere
1065 1758 1211 1821 potuerunt
1231 1746 1326 1819 Niiuri,
1344 1766 1440 1822 poenas
1453 1751 1578 1819 ingerunt
1591 1749 1692 1804 Ariani.
1714 1748 1790 1805 Turre

133 1836 467 1897 bellaraiueruntieralia
482 1856 619 1911 separare.
992 1853 1136 1914 antequam
1163 1849 1329 1909 tenerentur,
1352 1842 1372 1897 F
1374 1843 1428 1899 eliu
1450 1842 1533 1898 abbas
1554 1857 1655 1913 paucos
1677 1838 1788 1908 solidos,

188 1926 283 1989 Cnrer
295 1949 333 1988 ix.
349 1931 456 2006 Copitur
470 1936 560 2007 inponi
570 1951 703 2004 reperiere
713 1951 771 1990 cion
785 1933 883 1991 Felice.
955 1933 1063 2009 Bimde
1084 1933 1197 1989 fratrum
1222 1934 1427 1990 sustentabatur
1448 1934 1549 2006 inopia,
1573 1932 1731 2005 simpliciter
1743 1931 1790 1988 ulii

169 2020 215 2079 tt.
232 2012 287 2081 Sed
301 2040 363 2081 cum
377 2025 468 2082 subite
481 2025 519 2097 (e)
534 2025 682 2083 barbaricae
696 2026 785 2096 gentis
798 2027 937 2099 provincia
991 2033 1080 2082 metus
1094 2036 1218 2084 suaserat
1230 2026 1279 2100 (oi.
1295 2027 1442 2098 inuaserat)
1456 2025 1581 2097 projecit,
1596 2032 1625 2081 et
1638 2023 1789 2081 custodieri·

133 2110 294 2171 turbaretur
319 2112 450 2185 incursu,
471 2116 594 2174 ridentes
620 2117 734 2174 salutern
759 2119 937 2190 temporalem
989 2114 1217 2187 desectionis,
1238 2119 1287 2190 ipsi
1309 2118 1365 2175 lieo
1390 2119 1544 2174 committit.
1559 2116 1581 2172 0
1594 2117 1676 2173 divini
1697 2116 1790 2185 singu-

133 2206 204 2277 tuga
219 2206 344 2278 presidio
354 2207 553 2274 vindicandam,
569 2209 676 2266 labores
687 2209 758 2267 illico
770 2209 938 2282 perferenda
989 2208 1053 2266 laris
1076 2212 1198 2281 potentia
1222 2211 1362 2267 miraculi!
1387 2210 1472 2268 Nemo
1498 2211 1581 2267 ualuit
1602 2208 1703 2266 solidos
1729 2208 1789 2264 illes

133 2299 363 2375 peregrinationis
377 2300 525 2373 excipiunt,
550 2302 699 2373 limatoque
713 2304 828 2360 consilio
843 2300 937 2376 procul
988 2301 1127 2376 proiectos
1141 2305 1273 2375 aspicere,
1292 2304 1381 2359 nullos
1394 2305 1540 2375 permissus
1554 2310 1594 2360 est
1607 2303 1707 2358 rictum
1721 2317 1789 2373 pau·

135 2394 305 2461 abscedunt,
332 2394 377 2452 ubi
406 2396 479 2453 nulla
502 2394 566 2453 belli
591 2397 728 2455 nascentis
754 2398 848 2470 opinio
871 2413 961 2455 con-⁴
988 2410 1082 2467 perum
1097 2397 1262 2467 pauperibus
1275 2394 1372 2452 tollere
1386 2413 1393 2449 :
1409 2394 1456 2451 sed
1480 2393 1519 2450 illi
1542 2393 1592 2450 seli
1607 2394 1652 2464 qui
1672 2393 1711 2448 sic
1724 2407 1789 2462 pro·

136 2484 257 2542 struendi
275 2487 436 2543 monasterii
455 2488 589 2559 praeberet
609 2488 754 2558 integram
767 2488 934 2547 facultatem.
987 2482 1070 2544 bandi
1092 2486 1198 2543 inerant
1221 2495 1356 2554 tenentur,
1381 2487 1516 2556 ligantur,
1541 2485 1575 2540 ail
1598 2482 1787 2556 presbyterum

136 2574 300 2634 iromoieut
312 2576 395 2647 igitur
416 2585 505 2634 castra
522 2578 654 2650 spiritalia
674 2578 760 2636 ducor
773 2579 866 2652 inclyti
880 2595 937 2638 coe-
987 2576 1183 2648 perducuntur.
1197 2576 1299 2645 Quibus
1313 2593 1360 2633 ore
1373 2578 1486 2634 terribili
1496 2578 1630 2633 violentus
1646 2575 1787 2649 presbyter

138 2671 215 2728 iestis
234 2672 378 2739 examini,
396 2679 426 2729 et
439 2687 489 2745 per
507 2672 614 2742 ignotas
628 2670 725 2729 Airioe
738 2673 864 2743 regiones
874 2686 935 2730 mn·
987 2668 1102 2734 menet,
1116 2668 1171 2723 Cer
1192 2684 1224 2724 er
1245 2670 1341 2723 restris
1366 2666 1521 2737 regionibus
1544 2667 1651 2723 occulte
1675 2664 1786 2722 venistis

139 2762 288 2820 amborum
310 2778 421 2821 unorum
447 2771 558 2822 euteria
578 2764 727 2821 comitante
748 2764 852 2837 pariter
873 2779 936 2835 gra·
986 2758 1246 2828 Christianesreges
1260 2752 1402 2813 stertere?
1416 2758 1489 2813 Bene
1510 2759 1583 2814 enim
1606 2758 1688 2813 miser
1706 2755 1786 2813 Cleri-

136 2858 259 2931 dbrntor,
273 2856 369 2931 ubique
389 2858 522 2918 iacientes
542 2856 671 2930 gaudium
689 2858 778 2928 bools,
804 2858 934 2915 inridiani
986 2851 1090 2907 stianos
1104 2863 1181 2919 reges
1195 2865 1254 2906 esse
1269 2848 1385 2916 dicebat,
1410 2850 1437 2905 in
1457 2850 1553 2919 uiribus
1572 2848 1707 2906 (lbi-istum
1730 2846 1786 2903 lie-

135 2952 223 3010 natis
241 2951 272 3009 ln
286 2953 423 3010 territorio
442 2952 561 3025 denique
584 2948 708 3008 Siccensi
728 2948 935 3020 dum'cegitant
986 2954 1048 3014 tem
1066 2958 1161 3013 regum
1186 2944 1378 3000 miserabiliter
1401 2942 1600 3023 exsufflaverat,
1620 2951 1648 2999 et
1661 2958 1729 3014 quos
1742 2940 1786 2997 l'i·

133 3056 221 3105 peius
233 3045 458 3119 mmmmm,
476 3047 596 3117 regionis
610 3045 777 3104 fecunditate
795 3046 934 3117 delmati,
987 3037 1053 3092 lium
1074 3035 1148 3092 Pall'd
1161 3035 1292 3107 aequalem
1316 3050 1415 3105 negare
1441 3035 1536 3091 Similis
1558 3035 1726 3091 Antichristo
1738 3033 1787 3090 tle-

134 3138 252 3197 'immin
267 3138 353 3195 eiiam
369 3135 489 3195 fidelium
505 3132 544 3211 (d)
560 3135 936 3211 devotionegusceptipres.
988 3135 1091 3185 melai.
1119 3125 1174 3184 iilis
1195 3128 1235 3201 ii)
1258 3127 1291 3182 ad
1318 3126 1376 3184 dloec
1399 3127 1579 3184 teracissimis
1602 3118 1787 3206 responsionis

132 3226 329 3302 anierqnidam
343 3240 426 3289 senen
443 3228 551 3289 minna}
564 3232 593 3288 in
613 3217 697 3290 sindo
711 3230 866 3290 Gabardilla
876 3249 936 3306 per.
988 3223 1071 3279 rerba
1097 3222 1275 3294 parantibus,
1306 3221 1397 3277 inierrl
1432 3221 1561 3293 praecepit
1592 3219 1704 3277 uerbera
1731 3219 1787 3292 pri·

133 3306 221 3378 idam
234 3321 398 3394 predicans,
416 3321 461 3380 cui
480 3337 580 3379 nemen
598 3320 709 3394 quidem
726 3323 778 3381 luit
793 3323 866 3381 iuter
884 3323 971 3405 ¹¹⁰‘C
988 3317 1080 3372 mlius·
1833 3306 1843 3375 d

133 3414 216 3473 mines
230 3414 319 3484 Felix,
338 3412 389 3473 sed
411 3412 536 3472 noluntas
559 3414 691 3475 adversus
717 3417 804 3475 baum
826 3433 935 3490 semper
1024 3409 1068 3466 l9.
1084 3410 1168 3480 igitur
1190 3408 1264 3467 Felix
1289 3406 1372 3465 abbas
1395 3407 1549 3463 uehementi
1571 3409 1685 3464 caritate
1711 3424 1787 3464 com-

133 3504 244 3574 interlin
259 3506 373 3564 natione
387 3506 529 3576 barbarus,
544 3490 665 3567 moribus
682 3524 778 3579 sunus,
799 3507 935 3567 innutriti-
985 3510 1086 3570 motus,
1102 3499 1222 3567 Parcite,
1237 3502 1286 3570 ait,
1301 3499 1379 3555 fratri
1398 3496 1551 3568 rutgerus,
1565 3500 1610 3569 qui
1628 3515 1683 3555 non
1696 3508 1787 3570 potest

133 3597 181 3655 oui
204 3610 325 3671 peteris,
352 3598 549 3656 catholicorum
576 3608 737 3672 persecutor
763 3601 933 3669 acerrimus,
984 3600 1120 3649 tormenta
1148 3592 1279 3665 perterre.
1305 3590 1394 3646 Nolite
1423 3592 1503 3647 istum
1528 3590 1632 3647 cadere
1651 3592 1722 3646 inter
1739 3607 1787 3647 re-

135 3690 168 3764 (ι)
181 3690 256 3748 beati
277 3688 413 3761 Fulgentii
428 3706 527 3749 nemen
539 3692 567 3749 in
589 3691 643 3749 illis
660 3692 818 3763 regionibus
831 3692 933 3750 clarurn
984 3692 1057 3744 siras·
1068 3698 1165 3740 manue
1177 3684 1290 3741 forsitan
1310 3683 1481 3739 meriturum.
1505 3680 1688 3738 Convertitur
1701 3682 1727 3737 in
1740 3676 1786 3739 me

137 3782 188 3840 lcii
198 3783 333 3850 sentiens,
345 3782 562 3841 reconciliandos
572 3782 674 3840 multos
686 3798 755 3855 quos
766 3780 874 3842 occulte
886 3784 934 3843 de-
985 3787 1076 3836 vesira
1090 3778 1236 3836 crudelitas
1250 3795 1257 3832 τ
1273 3792 1324 3848 ego
1342 3777 1475 3848 seuquid
1490 3774 1629 3843 constitit.
1644 3776 1672 3832 in
1687 3791 1730 3832 1¹¹⁸
1744 3783 1786 3833 08⁸

140 3884 252 3947 ceperat,
273 3874 438 3947 suspicatur.
453 3872 510 3933 Nec
529 3875 619 3931 rimm
641 3874 751 3945 dignum
765 3876 932 3943 sacerdotio,
984 3871 1073 3930 omnis
1086 3885 1178 3928 causa.
1195 3867 1271 3926 Tunc
1294 3869 1448 3926 dilectionis
1467 3869 1646 3925 admiratione
1666 3866 1786 3940 stupeta-

141 3982 195 4024 rere
210 3967 303 4025 adhuc
327 3981 389 4024 esse
403 3966 567 4025 monachum
587 3954 713 4033 credidit,
733 3966 781 4023 sed
800 3981 863 4023 euin
882 3969 934 4024 sub
984 3974 1053 4032 etus,
1065 3964 1200 4020 removeri
1222 3962 1359 4036 paulisper
1377 3963 1486 4018 beatum
1507 3960 1679 4032 Fuigentinm
1697 3959 1786 4032 jubet,

140 4047 222 4111 unio
240 4057 381 4125 monaehi,
402 4058 554 4116 sacerdotis
575 4056 695 4115 cilicium
717 4057 831 4131 implere
844 4067 931 4131 putat.
985 4066 1067 4128 atque
1080 4057 1154 4112 illurn
1167 4055 1276 4128 gravius
1295 4053 1362 4111 eaedi
1381 4054 1511 4110 ministris
1530 4054 1684 4110 sanissimis
1698 4054 1786 4126 impe·

136 4140 166 4200 tii
177 4162 271 4204 revera
286 4148 438 4208 sacerdotis
450 4148 569 4208 oillcium
587 4149 761 4207 laudabiliter
773 4151 856 4207 ctiam
869 4158 933 4207 tunc
985 4158 1037 4206 rat.
1054 4146 1131 4206 Tune
1145 4147 1224 4204 hilari
1236 4148 1327 4204 aiiime
1339 4146 1415 4203 Felix
1427 4147 1510 4204 abbas
1522 4146 1680 4204 verberibus
1692 4145 1799 4219 subdi-¹

134 4235 269 4310 implebat,
283 4240 324 4314 (di
340 4257 395 4298 non
410 4240 516 4315 aliquos
537 4242 749 4308 reconciliando,
772 4242 820 4299 sed
838 4258 934 4299 enines
986 4250 1038 4298 tur.
1055 4241 1182 4298 Dolorem
1200 4240 1302 4313 quippe
1327 4255 1389 4295 cunr
1413 4239 1512 4312 gaudio
1538 4239 1697 4308 sustinebat,
1722 4239 1787 4312 quia

132 4344 199 4400 tuos
224 4334 360 4405 attingere
383 4343 504 4407 peterat,
531 4335 566 4392 ad
586 4336 836 4394 reconciliationem
861 4338 934 4394 salu-
984 4337 1094 4393 beatem
1117 4334 1288 4403 Fulgentium
1312 4332 1377 4388 nibil
1397 4332 1484 4390 adbuc
1503 4334 1560 4404 pati
1579 4332 1699 4389 ridebat.
1715 4330 1787 4390 Eece

130 4421 234 4479 taribus
247 4425 359 4482 monitis
372 4426 521 4482 inritando.
545 4423 628 4497 Ceius
642 4442 732 4484 sermo
743 4426 832 4485 duleis
847 4436 876 4486 et
894 4444 935 4485 re·
985 4429 1072 4503 qualis
1085 4428 1136 4485 luit
1150 4428 1246 4485 beatus
1260 4426 1417 4497 Fulgentius
1440 4428 1512 4484 circa
1526 4427 1637 4495 amices,
1658 4436 1688 4484 ut
1701 4441 1787 4498 usque

128 4524 200 4584 etus,
214 4520 277 4589 qnia
292 4518 361 4577 dura
375 4521 582 4593 quequecorda
601 4521 752 4591 molliebat,
768 4538 820 4581 nee
833 4523 933 4581 imme·
986 4521 1019 4576 ad
1047 4528 1163 4576 mortem
1190 4519 1265 4589 diligi
1289 4528 1451 4576 mereretur.
1480 4517 1535 4575 lsta
1559 4520 1659 4591 quippe
1686 4519 1787 4577 caritas

128 4606 186 4663 rito
200 4606 269 4667 bunc
290 4611 480 4685 presbyterum
501 4613 541 4670 sic
561 4612 658 4669 timere
678 4628 729 4685 pro
747 4629 796 4670 sna
820 4610 932 4687 pertidia
985 4612 1059 4667 beati
1069 4608 1178 4681 Felicis,
1191 4612 1252 4667 ritae
1266 4611 1336 4666 illios
1348 4618 1448 4667 sancte
1466 4625 1593 4681 magnum
1607 4610 1732 4684 perhibet
1745 4621 1787 4667 te-

126 4698 322 4771 eompellebat.
947 4704 1153 4783 „stimonium
1168 4702 1261 4774 Neque
1278 4704 1351 4761 enim
1368 4703 1484 4760 salutem
1502 4718 1579 4759 suani
1593 4717 1643 4775 pre
1659 4702 1729 4757 illins
1742 4716 1786 4757 sa·

165 4786 213 4844 ts.
225 4786 325 4865 Arripit
343 4790 425 4866 igitur
438 4794 591 4867 presbyter,
604 4794 691 4851 insani
705 4793 804 4852 luroris
816 4795 932 4852 stimulis
986 4798 1042 4852 lete
1055 4795 1218 4867 despiceret,
1243 4796 1293 4852 nisi
1318 4796 1370 4852 sibi
1392 4796 1528 4868 primitus,
1541 4802 1570 4852 et
1588 4793 1680 4851 multis
1692 4792 1786 4850 utilem

126 4880 292 4949 concitatos,
314 4898 409 4940 serios
431 4884 479 4941 Dei
504 4885 651 4942 crudeliter
674 4887 811 4959 persequi,
832 4894 861 4942 et
883 4903 933 4958 per
984 4887 1188 4958 jucundumque
1210 4887 1334 4944 sentiret.
1349 4886 1492 4943 imitentur
1510 4894 1640 4958 utrosque
1662 4887 1709 4958 qui
1731 4884 1787 4960 pla-

125 4974 653 5051 omuesriascustodibnsii)distributis
663 4978 931 5036 ambulantiumslm-
986 4996 1049 5038 cere
1063 4980 1119 5037 beo
1132 4980 1296 5037 desiderant.
1312 4978 1387 5038 Alios
1405 4979 1503 5036 doceat
1521 4979 1618 5036 beatus
1630 4977 1787 5052 Fulgentius

124 5059 238 5136 pliciter
257 5068 364 5126 obsidet
388 5069 495 5127 itinera.
520 5068 710 5128 Necessarium
725 5073 827 5147 quippe
846 5072 933 5130 iuerat
986 5065 1131 5131 s'iciircre
1155 5072 1228 5130 inter
1249 5071 1357 5140 iratres,
1378 5079 1409 5128 ut
1430 5079 1566 5144 amentur,
1590 5070 1743 5142 iereantur,
1759 5082 1788 5130 et

125 5162 248 5217 athletas
260 5161 423 5220 lenissimos
433 5163 596 5221 uoluntariis
610 5164 781 5222 abstinentiae
796 5167 935 5223 laboribus
986 5164 1014 5220 in
1025 5166 1137 5221 surnruis
1152 5164 1361 5223 necessitatibus
1373 5162 1529 5235 adiurandi,
1550 5164 1656 5220 etiamsi
1679 5165 1785 5237 perieu-

122 5253 159 5304 αδ
183 5267 292 5310 omnem
317 5255 491 5312 tolerantiam
517 5265 685 5330 praepaittios
709 5259 932 5331 persequentium
986 5254 1041 5311 lum
1056 5272 1110 5313 uon
1125 5255 1250 5325 deluerit,
1263 5255 1430 5329 iudicentur.
1454 5254 1569 5314 Sumam
1592 5256 1692 5314 allide
1713 5258 1786 5315 bono

123 5342 202 5396 tradi
227 5345 364 5415 paululum
384 5347 519 5415 manibus,
533 5357 573 5405 ot.
584 5349 747 5423 martyrialis
761 5348 857 5420 agonis
869 5366 934 5421 par·
989 5346 1059 5405 iacto
1069 5348 1168 5406 Felicis
1182 5349 1288 5406 abbatis
1309 5350 1473 5422 exemploru,
1488 5351 1646 5408 melioribus
1658 5349 1787 5409 iratribus

122 5436 421 5517 ticlpeteliecti,illata
434 5439 570 5498 discerem
581 5439 714 5513 supplicia
726 5440 860 5510 tolerare;
873 5454 935 5512 pre
985 5442 1060 5498 etin
1080 5440 1787 5516 Deitimoreplosproficientibusemnemgratiani
1869 5452 1872 5459 ’

161 5578 212 5648 (ni
225 5577 270 5704 gie
291 5581 355 5638 Ant.
379 5577 483 5646 cuitu,
498 5579 642 5638 barberino
662 5581 855 5648 multitudinisi
879 5597 930 5639 ms.
1022 5582 1123 5667 (elisio
1144 5597 1208 5666 ms,
1226 5592 1254 5639 et
1286 5582 1376 5641 uidem
1397 5585 1508 5649 rectius,
1524 5592 1554 5641 ut
1568 5584 1684 5670 videtur,
1704 5600 1787 5669 quarn

120 5662 212 5791 ”igi
229 5668 389 5781 aaran&
398 5738 459 5780 curn
473 5723 577 5794 allqiiet
590 5723 650 5779 aliis
662 5739 677 5778 a
690 5722 782 5808 Ciiilll.
799 5724 873 5808 uisis,
890 5727 932 5798 io-
985 5654 1258 5794 ffiffl'tuegvtizbltgsb
1311 5662 1366 5767 tur,
1384 5672 1436 5712 m
1447 5662 1546 5810 mium
1559 5656 1661 5728 σιω
1673 5674 1787 5715 mom

121 5788 534 5924 rere3ldemqoegaerieiertilnt5
549 5793 632 5878 editio
643 5810 671 5850 in
685 5795 820 5851 oralibn.
1022 5796 1057 5878 (ei
1072 5793 1111 5850 lta
1136 5811 1186 5851 ms.
1210 5804 1239 5852 et
1259 5797 1368 5883 codices
1393 5798 1420 5854 in
1443 5805 1514 5882 uotis
1531 5811 1547 5882 a
1561 5795 1658 5883 cirilli.
1670 5798 1784 5860 laudati·

122 5860 372 6006 ὣδιὸἱιὲιὲια
388 5874 439 5924 teri
452 5881 493 5923 sic
503 5864 681 5957 distinguunt,
693 5876 842 5940 perurerer
855 5883 931 5922 orer-
986 5866 1058 6010 miii
1074 5867 1295 6012 {impugnatoris
1305 5888 1315 5939 ,·
1326 5886 1354 5927 ni
1368 5882 1500 5941 margine,
1515 5869 1671 5987 destributae.
