4152 6344
182 412 232 475 itt

897 410 1012 471 matio
1029 409 1095 469 hill.

1757 420 1809 479 hil

181 530 333 599 concipere,
343 535 449 595 retiam
461 525 595 582 muscata
605 525 706 582 surculi
718 526 854 581 veternosi
868 524 968 589 radice,
987 537 1010 586 n
1024 524 1116 580 mundi
1125 524 1259 589 salrator,
1273 527 1411 596 prs-cessit
1419 527 1454 583 de
1465 528 1550 583 sterili
1560 528 1677 596 periliuf,
1688 544 1742 598 auo
1752 534 1811 587 nul·

180 599 247 655 dero
260 599 362 655 cortice
373 605 442 671 tecta
455 597 556 667 poterit
569 597 677 651 arhusin
687 595 786 651 sterilis
799 596 970 665 perinirrarel

181 668 249 736 hott,
265 668 330 733 noli,
346 667 483 728 maneria,
498 666 744 723 ceteseomtsiere
758 665 899 729 voluntati;
909 680 972 719 ver·

182 743 244 797 hiim
265 739 313 793 lici
336 737 465 792 uelociter
486 739 571 792 currit
583 750 744 804 quocunque
758 734 839 789 fuerit
850 734 973 789 destina·

183 822 249 866 tuin.
265 808 343 863 Nullo
358 807 498 861 olistacolo
512 806 685 876 preponitur,
701 814 730 859 ιιι
743 805 845 860 nentes
863 805 974 859 ordina·

183 880 265 935 tionis
275 877 394 950 perficiat
405 878 544 947 imperata.
561 877 601 931 Aa
612 891 665 931 non
679 875 766 943 legisti
782 874 809 945 (i
821 873 885 956 liep.
898 890 917 937 i,
926 872 973 941 20)

184 951 288 1010 huniam
301 947 422 1003 sterilem
437 955 498 1018 post
512 948 658 1001 inultorum
669 960 800 1000 anitiorum
815 958 913 999 seriem
924 942 975 998 Sa·

183 1020 300 1073 miirlem
314 1017 395 1072 litimn
406 1017 563 1087 peperisse?
573 1014 697 1085 llunnnid
710 1015 737 1069 in
747 1013 870 1070 easniius
883 1027 976 1069 carna·

184 1090 217 1144 lis
229 1088 453 1157 concupiscentias
467 1086 608 1156 prevaluit
630 1087 726 1148 coitus,
743 1093 790 1139 aut
813 1084 898 1138 virilis
913 1092 975 1137 tan·

185 1166 241 1215 tum
255 1159 366 1214 insertio
381 1156 537 1227 pullularit?
557 1163 586 1211 et
600 1170 652 1210 non
667 1156 757 1225 potius
771 1151 837 1208 fides
849 1154 976 1208 uirtutem

186 1230 212 1284 in
225 1229 402 1297 conceptione
412 1227 523 1281 sentiaris
534 1224 704 1293 impetravit?
720 1222 820 1277 hachel
834 1221 918 1278 iacob
929 1237 977 1290 pa·

186 1300 236 1354 tris
261 1299 300 1353 tui
317 1296 441 1366 copulata
468 1295 595 1364 conjugio
618 1293 722 1363 (Cerei.
747 1309 811 1359 ιιι,
829 1291 889 1362 ie),
903 1293 976 1347 nullo

186 1368 271 1439 prolis
284 1382 415 1424 concesso
428 1365 515 1421 fructu
538 1365 673 1433 renuebat.
688 1362 792 1418 Placuit
804 1363 939 1426 Creatori,
949 1371 978 1417 et

186 1438 283 1494 effecta
308 1437 521 1508 patriarclmrnm
545 1443 631 1489 mater
643 1432 742 1503 loseph
768 1433 842 1487 illurn
856 1433 974 1487 castissi-

188 1523 262 1562 mnm
276 1517 357 1578 atque
372 1506 530 1561 industrium
560 1505 645 1558 vimm
660 1517 790 1572 peacrare
804 1502 953 1572 promeruit
968 1518 975 1556 ι

188 1578 234 1648 noi
249 1591 377 1632 recusans
388 1585 509 1645 stuprum
532 1573 715 1643 impudicitiae,
729 1580 757 1628 et
770 1572 975 1637 distrahentium

187 1648 301 1701 fratrum
315 1646 414 1700 oblitus
434 1644 546 1712 injuriae,
557 1644 627 1713 patri
635 1643 732 1707 siniul,
743 1643 917 1712 omniumque
932 1642 974 1697 in-

1024 594 1068 651 lus
1080 595 1167 664 rnajor
1179 603 1220 651 est
1230 596 1258 651 in
1269 599 1338 650 iratis
1351 598 1491 653 mulierum
1506 598 1617 654 electus.
1633 597 1685 654 iste
1696 608 1813 657 metator

1025 678 1137 734 mamus
1150 675 1213 720 ante.
1227 665 1409 734 riiassnilieum,
1421 667 1559 723 mirandus
1570 676 1633 724 aute
1646 669 1811 738 pimcelsurn,

1023 737 1126 790 airricus
1150 733 1244 797 Verbi,
1259 737 1459 808 paranymphus
1484 739 1593 807 sponsi,
1612 740 1658 808 qni
1681 740 1813 810 virginem

1024 805 1168 872 virginum,
1184 805 1231 859 lici
1241 805 1345 862 scilicet
1360 808 1464 875 rignum
1475 810 1618 877 aspiciens,
1633 809 1706 864 reiut
1728 826 1813 880 spon·

1024 888 1084 928 snm
1099 875 1181 942 repali
1194 874 1346 930 diademate
1368 885 1540 939 coronatum,
1555 878 1589 933 de
1611 879 1730 947 virginali
1754 880 1814 935 ilia-

1026 943 1099 997 iamo
1111 959 1311 1012 processurum,
1327 946 1434 1015 nuptias
1444 946 1543 1002 Christi
1555 957 1582 1002 ct
1593 942 1720 1003 secisse
1733 950 1778 1003 diu
1799 965 1814 1011 a

1025 1012 1339 1082 patribosardcntissime
1349 1016 1515 1072 desideratas
1521 1017 1661 1073 advenisse
1671 1021 1813 1087 cognorit:

1026 1092 1108 1152 atque
1119 1097 1156 1164 ex
1169 1083 1277 1139 vinculo
1292 1085 1381 1154 pmliri
1392 1088 1493 1141 uentris
1506 1088 1566 1142 aula
1581 1088 1731 1143 consecrati
1745 1088 1815 1144 uteri

1026 1162 1125 1208 uectari
1137 1154 1274 1223 proprium
1285 1158 1429 1225 specuium
1438 1166 1599 1222 creatorem,
1611 1174 1665 1213 non
1676 1161 1815 1230 corporcis

1025 1223 1163 1304 gressibus
1177 1223 1306 1289 salutans,
1321 1225 1369 1280 sed
1384 1227 1448 1281 totis
1461 1227 1557 1285 airimce
1570 1228 1687 1283 iiiotihns
1706 1229 1816 1285 coiisoia

1026 1292 1157 1373 genitrice
1169 1307 1247 1347 serus
1258 1296 1402 1365 puerperio
1415 1296 1566 1365 tripudians
1579 1299 1709 1368 singulari
1719 1299 1816 1367 jocon-

1026 1366 1112 1417 ditate
1122 1363 1239 1428 gestivit,
1255 1374 1283 1419 et
1296 1365 1456 1421 exsultando
1471 1366 1497 1420 in
1509 1374 1597 1434 utero,
1608 1383 1642 1422 ex
1658 1377 1735 1423 utero
1750 1370 1818 1423 salu·

1028 1432 1103 1485 tavit.
1119 1432 1165 1487 Sic
1179 1447 1294 1502 nainquc
1305 1433 1439 1490 Elisabeth
1463 1436 1621 1504 ingredicnti
1636 1437 1669 1491 ad
1684 1455 1714 1494 se
1729 1430 1818 1492 harim

1026 1512 1126 1557 saiictm
1139 1504 1286 1571 responnti,
1299 1502 1439 1560 &aedicto
1450 1514 1476 1558 tii
1490 1509 1557 1561 inter
1565 1507 1697 1576 riinlr‘erei,
1707 1517 1732 1563 et
1742 1510 1818 1562 liene·

1028 1571 1112 1626 dictur
1122 1574 1221 1643 {nictus
1235 1576 1330 1628 reiitrii
1348 1576 1394 1629 tri.
1408 1573 1441 1628 b't
1452 1576 1521 1630 uude
1533 1576 1581 1631 iios
1593 1578 1667 1640 milii,
1683 1588 1711 1632 ui
1731 1580 1817 1632 reiriot

1027 1650 1109 1695 miitrr
1120 1642 1224 1697 Domini
1237 1645 1287 1697 niei
1301 1645 1336 1697 nil
1349 1644 1410 1699 niel
1422 1643 1490 1700 Ecce
1502 1648 1581 1709 euim,
1597 1656 1625 1700 til
1638 1650 1708 1718 facte
1722 1659 1759 1701 cst
1770 1666 1819 1703 ros

188 1717 342 1772 sidiantiimi
369 1713 476 1770 familiae
488 1723 663 1782 cognatorum
686 1711 763 1768 famis
785 1721 907 1794 tciippone
920 1710 972 1767 fru·
1026 1711 1194 1767 ululationis
1208 1722 1259 1768 ture
1271 1716 1299 1768 iu
1312 1714 1417 1770 auriliar
1431 1716 1506 1779 rneir,
1521 1717 1660 1771 exsultarit
1680 1720 1706 1772 in
1722 1719 1818 1789 prndio

190 1798 279 1842 menia
299 1786 410 1856 largiter
423 1784 592 1839 ministravit.
608 1782 742 1837 ahraham
757 1783 891 1845 siniilrter,
907 1781 976 1836 sient
1026 1782 1114 1852 infans
1125 1784 1152 1837 iii
1163 1790 1235 1837 ntere
1250 1799 1307 1838 iiico
1321 1783 1397 1855 (diro.
1415 1800 1433 1846 i,
1455 1784 1500 1849 ld,
1515 1785 1561 1853 45,
1573 1786 1628 1857 id).
1650 1785 1741 1858 ltaipie
1755 1788 1818 1858 quia

188 1865 216 1912 et
230 1867 259 1912 to
274 1855 434 1912 albescentis
447 1856 542 1924 capiitis
552 1853 690 1922 dignitate,
706 1852 810 1921 acrique
822 1852 977 1906 maturitate
1030 1849 1087 1905 ilex
1102 1861 1130 1908 et
1139 1853 1259 1908 medicos
1270 1864 1358 1920 terrie,
1370 1851 1440 1910 Deus
1449 1866 1476 1911 et
1487 1857 1568 1911 homo
1578 1856 1709 1921 Christus,
1718 1859 1819 1928 pretio-

188 1940 343 1987 scnescens,
358 1940 418 1980 cnm
429 1923 486 1993 jain
500 1923 647 1980 centenarii
662 1923 764 1977 numeri
779 1923 898 1992 prolixos
911 1934 977 1988 age·
994 1894 1016 1953 B
1030 1921 1164 1977 sissinium
1180 1922 1311 1979 exbibens
1328 1925 1369 1978 sui
1390 1939 1445 1994 cor,
1456 1926 1511 1981 oris
1534 1926 1694 1995 antidotum,
1709 1938 1819 1998 propter

189 2009 231 2052 ret
245 2010 341 2062 annos,
355 1995 496 2050 incentivae
517 1993 651 2063 cupidinis
674 1993 835 2061 frigescente
854 1990 977 2055 fervore,
1030 1991 1168 2046 bominem
1190 1991 1363 2049 reficiendum
1387 1996 1465 2063 longa
1480 2005 1650 2064 peccatorum
1666 1998 1819 2053 valetudine

189 2065 291 2121 nullum
303 2067 353 2121 sihi
367 2079 479 2134 sperans
492 2062 609 2117 futurum
624 2062 715 2133 stirpis
730 2062 854 2130 legitime
868 2075 978 2117 succes·
1029 2062 1190 2126 sauciatum,
1203 2062 1229 2116 in
1242 2063 1377 2118 hominem
1388 2065 1522 2129 veniebat,
1536 2074 1589 2120 tam
1601 2067 1818 2122 excellentissimi

189 2151 290 2202 sorcin,
309 2150 398 2191 nonne
412 2134 445 2188 de
467 2136 557 2189 vetula
582 2132 761 2201 nonagenaria
776 2146 852 2186 sacra
867 2146 901 2185 cx
920 2145 981 2185 sese
1031 2139 1112 2199 atoue
1123 2133 1278 2203 peritissimi
1290 2132 1418 2188 archiatri
1432 2134 1615 2190 nobilissimus
1633 2138 1746 2206 previus
1758 2138 1818 2209 pla·

190 2213 349 2275 conceptum
374 2204 448 2260 isaac
461 2204 579 2272 suscepit
601 2202 734 2258 hrcredem
748 2200 842 2270 (llrlir.
858 2215 896 2264 xi,
911 2199 980 2271 llll
1030 2214 1092 2253 narn
1116 2207 1197 2264 viam,
1216 2202 1393 2272 semitamque
1419 2203 1604 2269 rectissimam,
1622 2222 1677 2262 non
1691 2208 1717 2261 in
1741 2218 1820 2273 terrm

190 2276 310 2344 Adeptus
324 2289 366 2330 cst
376 2275 435 2358 pins
449 2283 527 2346 pater
545 2272 669 2340 gignendi
691 2271 905 2341 possibilitatem,
916 2271 979 2338 quia
1029 2270 1210 2349 convallibus,
1223 2271 1270 2328 sed
1284 2272 1311 2326 in
1328 2272 1452 2327 sensihus
1466 2275 1603 2330 hominum
1617 2277 1818 2346 componebat:

191 2346 296 2401 fidelem
311 2345 425 2400 creilnlit
446 2344 627 2413 pollicentem.
647 2347 791 2409 Propterea
812 2341 902 2411 igitur,
916 2340 978 2410 qnia
1029 2354 1195 2396 mansionem
1206 2341 1307 2411 regiain
1317 2343 1414 2411 spretis
1423 2343 1549 2401 domibus
1563 2347 1700 2414 eburneis,
1720 2348 1820 2416 ilcspess

189 2424 229 2481 tu,
244 2431 262 2471 o
277 2414 416 2478 Zacharia,
429 2414 502 2483 ipnnd
514 2428 548 2468 rx
562 2412 652 2467 rcrhis
663 2412 716 2466 mei
738 2412 793 2466 oris
807 2409 921 2470 nuduli.
938 2409 981 2463 in·
1029 2408 1081 2465 ctis
1089 2409 1259 2479 laquearibus
1268 2414 1367 2476 aureis,
1383 2415 1608 2484 marmoratisqne
1644 2416 1756 2470 emporii,-
1768 2418 1818 2471 21).

189 2484 318 2541 credibile
330 2501 391 2541 esse
401 2484 503 2549 dixisti,
511 2482 598 2537 donec
610 2480 768 2537 fecundetur
776 2479 912 2550 quondam
924 2488 978 2534 ste·
1028 2479 1135 2546 dicaris,
1143 2481 1169 2535 in
1181 2481 1277 2537 animis
1288 2482 1459 2537 credentibus
1482 2484 1612 2539 emiorum
1623 2431 1737 2539 Bomino
1750 2503 1818 2554 pire-

190 2556 248 2611 rilis
260 2565 335 2611 costa
346 2553 514 2618 inasiiemti
525 2567 634 2608 carcere
646 2554 754 2607 iletrnsai
770 2549 924 2619 compedita
938 2557 979 2604 tc·
1029 2548 1152 2619 parabat.
1167 2550 1309 2605 Cratirlarc
1323 2551 1412 2618 igitur,
1427 2553 1571 2622 gratulare,
1587 2553 1666 2608 beate
1689 2553 1819 2611 Zaclraria

190 2625 325 2680 uehuntur
336 2625 406 2680 iahia
415 2633 469 2678 tua.
481 2622 585 2678 Etcum
597 2620 736 2676 Elisabeth
746 2636 779 2675 eii
791 2619 982 2690 desperatione
1029 2619 1156 2674 sacerdos
1167 2628 1197 2675 et
1210 2631 1297 2690 pater,
1308 2622 1380 2689 quod
1390 2623 1487 2690 exiguo
1498 2624 1568 2677 terei
1581 2625 1681 2679 mensis
1695 2636 1818 2694 icnrpore

191 2696 239 2750 tibi
259 2698 420 2765 promissum
443 2693 565 2761 genuerit
587 2690 680 2756 filiurn,
694 2698 757 2746 tunc
769 2690 826 2745 oris
839 2690 876 2744 tui
892 2688 979 2744 refor-
1029 2686 1135 2757 flagello
1157 2691 1336 2761 correptionis
1350 2690 1476 2761 imposito
1486 2691 1560 2749 ellari
1575 2694 1684 2749 ininime
1699 2695 1818 2763 valuisti,

191 2765 310 2820 arabitur
323 2764 452 2820 absolutae
475 2763 571 2830 lingum
594 2761 801 2816 sermocinantis
814 2758 941 2815 alliciam.
956 2757 980 2813 0
1030 2758 1193 2828 surpliticato
1207 2759 1301 2816 feriore
1315 2762 1450 2832 recepisti.
1460 2761 1590 2818 habitasti
1610 2764 1818 2833 paululunicum

190 2836 321 2890 nivsterio
343 2833 470 2901 provida!
493 2832 516 2887 ll
540 2831 670 2887 miraculo
693 2828 791 2885 referta
816 2829 978 2885 beneficiosa
1028 2829 1063 2883 de
1089 2829 1225 2885 nascituro
1239 2830 1352 2900 pignore
1366 2831 1554 2899 praedicantem
1577 2836 1684 2890 audires
1700 2834 1817 2890 archan·

189 2896 321 2962 vii'idicta!
337 2904 417 2958 Pater
430 2904 504 2959 vocis
516 2916 582 2957 rnce
601 2902 729 2971 privatur,
745 2912 772 2955 et
787 2900 881 2954 tandiu
899 2899 980 2952 ultio·
1028 2898 1130 2969 gelum,
1140 2899 1174 2954 de
1188 2902 1271 2956 sacris
1283 2900 1423 2970 egrediens
1434 2913 1522 2959 nimus
1532 2903 1566 2958 ad
1577 2905 1715 2974 populum,
1726 2920 1819 2961 cinen-

191 2975 233 3030 nis
257 2975 390 3030 sententia
410 2972 516 3028 durarit
540 2972 566 3026 in
580 2979 666 3040 patre,
691 2970 810 3039 qnandiu
825 2969 882 3024 lior
898 2967 978 3025 Verbi
1028 2970 1118 3024 dantis
1129 2969 1227 3024 silentii
1243 2970 1382 3026 tolerabile
1401 2972 1541 3042 praetulisti
1563 2974 1732 3045 supplicium.
1758 2990 1815 3031 ier·

191 3053 348 3100 nasceretur
361 3060 395 3098 ex
414 3053 508 3097 triatrc.
532 3041 590 3095 liiii
605 3041 704 3111 qnippe
718 3039 845 3104 marines,
862 3039 978 3095 tertium
1029 3037 1159 3093 minantis
1172 3040 1224 3094 iliei
1239 3048 1310 3095 meta
1325 3042 1450 3096 rolrcnte
1462 3057 1587 3111 magnum
1602 3059 1692 3100 coram
1703 3043 1818 3100 bornino

190 3114 321 3170 Christus.
338 3112 466 3169 Eorundem
481 3111 541 3166 andi
556 3109 686 3165 inaniiim
712 3125 806 3165 rocem
819 3125 848 3165 sc
865 3124 925 3164 esse
940 3108 980 3164 la·
1028 3109 1171 3179 suscepisti
1185 3108 1287 3174 lilium,
1301 3110 1378 3166 scuili
1393 3127 1426 3167 ex
1442 3120 1520 3167 utero
1546 3114 1644 3169 fusum.
1668 3114 1819 3171 Suscitatus

191 3192 304 3240 tentem.
321 3183 378 3255 Epo
399 3199 467 3245 inm,
488 3183 584 3249 innuit,
600 3197 648 3235 ros
661 3180 798 3234 clamantis
811 3184 838 3234 r'n
852 3180 953 3234 deserte
968 3196 978 3233 .·
1029 3193 1083 3247 qun
1094 3180 1202 3234 nomiae
1215 3195 1283 3251 puer
1296 3181 1477 3251 appellaretur
1490 3190 1582 3245 natus,
1594 3185 1662 3239 sicut
1677 3185 1725 3240 tibi
1734 3192 1819 3240 evah·

191 3252 290 3309 Parate
309 3255 376 3309 nom
391 3252 505 3317 donnini,
519 3262 602 3305 rectos
617 3253 694 3321 [crite
712 3250 817 3305 scaritos
833 3248 879 3304 liei
894 3250 978 3304 nostri
993 3257 1015 3320 c
1030 3247 1192 3327 gelizarcrat
1223 3250 1344 3318 angelus,
1365 3252 1478 3321 sumptis
1504 3253 1679 3323 pupillaribus
1706 3252 1819 3311 loannis

191 3323 301 3389 (lfottln
315 3339 354 3388 tii,
368 3324 401 3387 ὅς
413 3322 472 3378 tm.
491 3337 534 3386 si,
551 3320 589 3389 ὅ).
615 3321 717 3376 Audisti
731 3318 860 3374 dinannem
884 3332 979 3373 vocem
1030 3319 1161 3387 scripsisti
1180 3321 1351 3376 vocabulum.
1373 3320 1509 3377 Continuo
1533 3324 1681 3379 resolutum
1703 3335 1745 3380 cst
1766 3336 1819 3380 tum

191 3394 218 3449 in
233 3408 326 3448 eremo
339 3392 564 3464 proclamantem,
578 3389 693 3445 Verbum
710 3390 829 3457 intellige
843 3388 978 3444 Christum
1031 3389 1222 3444 taciturnitatis
1245 3390 1400 3455 vinculum,
1415 3400 1444 3446 et
1467 3390 1655 3448 benedictione
1683 3393 1818 3450 dominica

192 3462 326 3519 individua
336 3478 397 3519 cnm
409 3461 487 3516 Patre
498 3462 651 3516 salernitate
664 3467 829 3528 regnantem.
846 3458 979 3513 tironem
1030 3458 1195 3512 cumulatum
1208 3475 1315 3514 canore
1325 3462 1399 3515 vocis
1411 3461 1459 3515 tihi
1477 3462 1627 3516 restitutum
1644 3470 1685 3516 cst
1706 3462 1820 3519 famula·

192 3534 244 3589 hoc
264 3543 292 3589 et
319 3533 431 3589 credere
456 3531 542 3602 possis
566 3539 593 3583 ct
619 3546 732 3599 capere,
747 3530 829 3583 aliurn
859 3529 979 3583 ausculta
1030 3535 1096 3581 tuin.
1111 3527 1502 3595 Gaudeamus,fratresctiam
1518 3548 1566 3587 niis
1587 3532 1637 3601 ipsi
1657 3532 1684 3585 in
1699 3533 1751 3588 isto
1773 3549 1819 3588 so·

191 3602 333 3658 ioannem.
346 3603 422 3658 illurn
441 3602 502 3656 dico
519 3599 649 3656 loannem
665 3598 785 3655 tenerent
796 3599 936 3668 piscatoris
949 3597 981 3651 it-
1030 3597 1195 3652 lemnissirno
1208 3599 1252 3653 ilie
1274 3599 1424 3654 mirandam
1438 3600 1605 3657 nativitatem
1629 3603 1701 3657 servi
1720 3602 1817 3659 ilevota

192 3673 267 3738 lium,
283 3672 387 3743 pridem
401 3670 581 3726 rchcicntihus
592 3670 694 3725 retibus
707 3678 878 3738 occupatum,
891 3667 979 3722 lincti-
1029 3666 1180 3737 frequentia
1205 3669 1394 3736 celebrantes,
1416 3669 1621 3725 inenarrandam
1651 3673 1819 3727 nativitatum

193 3744 245 3798 hus
259 3743 370 3798 marinis
389 3743 536 3805 intentum,
550 3739 676 3795 crirendis
689 3739 784 3809 pelago
802 3737 920 3809 piscibus
933 3752 981 3805 ge·
1031 3735 1135 3791 boiiiini
1147 3746 1202 3791 tota
1216 3752 1279 3793 curn
1300 3742 1450 3794 reverentia
1460 3741 1664 3810 prestolantes:
1680 3752 1708 3796 ut
1722 3743 1819 3810 ortibus

193 3814 276 3869 nuirio
289 3812 402 3868 artificio
415 3811 552 3871 dedituris,
568 3824 640 3865 nunc
650 3823 715 3864 vero
737 3807 837 3863 Christi
863 3807 980 3877 discipu·
1030 3806 1150 3861 lmtitiaiir
1164 3809 1318 3878 proonrauit
1336 3824 1388 3890 pcr
1400 3812 1519 3865 sterilem
1534 3811 1667 3866 uenientis
1679 3815 1818 3880 generatio

193 3883 259 3949 lum,
274 3881 406 3937 aChristo
420 3896 481 3937 cuin
504 3881 744 3944 caeteriselectum,
754 3893 809 3948 prm
822 3877 980 3933 ceterisdi·
1029 3878 1211 3945 precursoris.
1227 3874 1315 3933 fructu
1334 3888 1502 3934 nitemcrauc
1519 3882 1632 3950 hirpinis
1645 3884 1819 3951 subsequenti

194 3953 304 4016 lectum,
318 3968 333 4006 a
347 3951 454 4006 Christo
464 3950 642 4021 apostolicum
657 3958 685 4003 et
701 3948 884 4016 euangelicum
901 3961 979 4015 egre·
1030 3956 1160 4016 perpetua
1176 3948 1307 4001 tribuatur
1318 3950 1448 4003 securitas
1463 3949 1661 4021 fiedeniptoris.

193 4023 236 4091 gia
260 4021 434 4079 similitudino
457 4020 554 4088 aquilio
578 4026 773 4088 corriperemur,
787 4018 881 4072 stricto
906 4017 980 4086 lapsu

195 4107 258 4147 aera
278 4102 423 4155 secantem,
439 4089 593 4145 vehementi
614 4088 730 4143 stridore
756 4088 870 4141 volando
884 4096 979 4143 cuncta
1328 4084 1444 4143 sinito
1458 4089 1523 4145 llil.

194 4161 317 4217 sublimia
330 4168 525 4231 penetrantem,
546 4158 644 4214 coelum
657 4172 690 4212 ac
711 4157 800 4212 sidem
812 4164 980 4227 preteream·
1301 4176 1367 4234 mm
1377 4180 1445 4234 mg,
1456 4196 1543 4253 ,um

194 4240 261 4296 tem,
274 4239 423 4301 potestates
446 4228 616 4284 invisibilium
638 4228 742 4283 sedium
763 4235 979 4297 postponentem,

195 4301 392 4357 drrnilnitioncs
406 4299 541 4370 angelicas
566 4297 809 4361 transcendentem,
821 4306 849 4351 ei
863 4295 980 4351 llerlium
1065 4294 1245 4364 Conprepavit
1268 4310 1318 4350 nos
1337 4292 1417 4365 hiijus
1437 4295 1492 4351 diei
1505 4296 1633 4366 prmo-lara
1649 4298 1818 4365 solemnitas,

195 4370 279 4425 flcnni
291 4386 324 4425 ei
339 4371 396 4426 Deo
408 4381 436 4424 ct
447 4386 472 4423 m
484 4367 540 4424 lieo
554 4375 707 4423 manentem
728 4365 862 4436 intrepido
883 4367 982 4423 ineittis
1031 4381 1086 4436 quo
1096 4376 1187 4420 natum
1202 4373 1325 4420 sanctum
1334 4363 1465 4420 lornmcni
1476 4363 1575 4421 Christi
1585 4367 1689 4423 boiiiini
1705 4385 1821 4438 prmcnr-

195 4441 291 4496 obtutu
318 4440 502 4510 imprmtrictn
529 4438 588 4493 acie
615 4438 852 4506 contemplantem.
869 4435 928 4506 lpse
941 4448 983 4491 ei·
1031 4450 1121 4491 sorem
1130 4432 1401 4490 catholicaeEcclcsise
1411 4436 1526 4492 veridica
1538 4441 1818 4495 testaturanctoritas.

195 4511 268 4564 enim
283 4511 355 4565 solus
369 4510 500 4564 taliterdc
510 4507 619 4563 Christo
633 4508 659 4561 in
674 4506 846 4561 esoriliosusc
855 4507 983 4575 praedica·
1032 4504 1115 4572 Cuius
1128 4505 1224 4558 merita
1233 4504 1343 4559 exordia
1357 4505 1504 4560 nativitatis
1517 4505 1577 4575 ejus
1596 4507 1750 4569 ostendunt,
1764 4507 1819 4564 tio·

196 4579 277 4635 tionis
292 4581 417 4645 intonuit,
433 4578 467 4633 fn
479 4578 606 4650 principio
619 4586 675 4631 ernt
693 4574 818 4640 Verbum,
829 4583 853 4629 et
872 4573 982 4629 Verium
1033 4576 1107 4630 mino
1120 4574 1280 4629 testificante
1293 4582 1373 4642 atipuc
1387 4573 1494 4629 dicento
1505 4575 1577 4643 quod
1593 4576 1618 4629 iii
1638 4576 1707 4630 natis
1724 4580 1820 4633 mulie·

195 4662 252 4704 erni
262 4649 332 4720 apud
346 4649 444 4712 licum,
459 4660 483 4703 et
498 4647 569 4702 fleur
591 4657 646 4700 rrot
672 4645 790 4699 Verium.
807 4644 865 4700 fleo
877 4654 934 4700 crat
953 4647 981 4700 iii
998 4630 1092 4699 Drnm
1105 4657 1184 4697 nemo
1198 4643 1315 4701 serrem
1333 4641 1419 4712 major
1439 4641 1543 4699 ioannc
1559 4643 1676 4711 Baptista
1701 4645 1819 4713 (narii.

196 4721 325 4790 principio
335 4719 405 4790 opud
419 4719 509 4773 ficum.
525 4716 621 4772 Ouinio
630 4733 675 4786 per
689 4716 774 4784 iprum
786 4717 858 4799 [ncta
868 4726 944 4782 miii,
956 4725 982 4769 et
1008 4762 1016 4781 ,
1033 4729 1072 4779 ιι,
1085 4713 1141 4782 ll).
1152 4711 1229 4766 Nulla
1241 4713 1340 4783 quippe
1354 4711 1472 4767 Eraclesia
1484 4713 1603 4769 celebrat
1613 4716 1683 4770 diem
1697 4730 1751 4784 quo
1761 4733 1820 4771 car·

115 4824 122 4839 .
196 4790 428 4861 sincipiofnriunr
442 4785 658 4858 estnihilldoori.
674 4801 692 4846 ι.
709 4783 984 4855 l,2,o).[·1ccequa·
1034 4799 1095 4839 nem
1109 4782 1263 4852 assumpsit,
1273 4782 1393 4851 quinimo
1403 4783 1466 4837 iilud
1478 4782 1691 4855 frequentatquo
1702 4788 1819 4841 cariialia

196 4859 230 4914 lis
256 4870 283 4913 ct
302 4861 394 4930 spiranti
411 4857 512 4913 liidicls
524 4857 568 4911 dic
582 4856 713 4910 hodierno
727 4854 892 4909 clarissimus
905 4864 984 4910 natus
1033 4861 1129 4909 cuncta
1148 4853 1265 4921 reliquit.
1289 4852 1394 4907 homini
1405 4853 1485 4921 igitur
1498 4854 1609 4908 illustris
1622 4865 1649 4909 et
1664 4855 1823 4911 hesionam·

195 4938 347 4998 estpraem,
367 4937 431 4984 ante
443 4936 616 5009 conspectum
635 4927 703 4995 patri
724 4926 919 4994 pronuntiatus,
936 4940 985 4994 per
1033 4925 1103 4980 vitas
1122 4922 1288 4985 celebrator,
1313 4935 1394 4990 quain
1408 4923 1485 4977 stella
1500 4924 1631 4993 prodidit,
1656 4933 1684 4979 et
1701 4923 1823 4983 licvodes

195 5010 276 5069 quem
299 4997 385 5053 fuerat
407 4998 501 5053 matris
514 5012 540 5051 m
555 4996 616 5050 alvo
639 4998 773 5049 terendus.
789 4994 854 5061 Qum
867 5004 909 5049 est
933 4998 983 5050 isia
1033 4993 1157 5062 expavit,
1171 5006 1252 5062 quam
1268 4992 1336 5045 idem
1350 5002 1459 5047 sanctus
1472 4990 1590 5048 ioannes
1603 5009 1637 5049 cx
1651 5003 1739 5058 utcro,
1755 5006 1782 5050 ct
1793 4997 1821 5052 io

195 5070 281 5138 gratia
301 5066 462 5123 ineffabilis?
474 5067 539 5134 Quae
557 5074 619 5120 sont
633 5065 685 5119 iste
698 5064 983 5134 incomprehensibiles
1035 5071 1111 5117 utero
1125 5060 1226 5132 Spiritu
1240 5069 1334 5117 sancto
1349 5062 1468 5132 repletus
1480 5061 1628 5132 tripudians
1642 5066 1761 5131 agnovit,
1779 5082 1822 5123 re·

194 5138 455 5205 ntriimtarrtianst
467 5138 581 5193 Clausus
591 5134 703 5190 secretis
715 5133 876 5201 gentianam
887 5134 984 5191 retine·
1033 5132 1224 5188 serendissime
1241 5130 1376 5186 salutavit.
1401 5130 1581 5199 Quamobrem
1605 5134 1719 5193 inittitnr
1733 5152 1823 5206 praeeo

197 5216 249 5271 tur,
262 5218 291 5262 et
304 5209 339 5262 ihi
353 5208 437 5263 sancti
447 5205 563 5279 Spiritus
576 5219 687 5259 munere
697 5204 849 5258 decoratur.
864 5202 982 5260 Ncodnni
1033 5203 1079 5272 ipui
1092 5202 1197 5257 nuntiet
1207 5199 1337 5267 iudicent,
1349 5201 1473 5269 dirigitur
1482 5206 1683 5273 praecursorum
1694 5204 1823 5275 predicet

195 5276 304 5332 vivendi
324 5277 454 5355 principia
470 5286 541 5332 inter
563 5273 685 5329 homiues
699 5274 861 5341 auspicatur,
872 5281 900 5328 et
914 5273 982 5329 Pro·
1033 5271 1212 5327 Salinatorem.
1229 5270 1267 5325 oe
1286 5271 1345 5338 ipso
1359 5272 1459 5328 etenim
1473 5273 1573 5328 dictum
1587 5284 1629 5329 est
1644 5291 1651 5326 ε
1668 5273 1736 5329 h'ece
1749 5277 1823 5331 oritis

196 5348 278 5417 pheta
291 5346 420 5401 ditissimi
442 5345 605 5415 dcsipnatm.
620 5343 659 5398 lta
674 5343 774 5413 qnippe
785 5341 892 5398 Gabriel
906 5342 982 5398 illus·
1033 5340 1155 5413 capeliam
1166 5356 1251 5395 meum
1264 5340 1426 5413 anteferrem
1440 5351 1520 5407 triam,
1531 5342 1575 5413 prii
1587 5345 1746 5413 praeparabit
1757 5346 1823 5400 cium

197 5417 247 5472 tris
259 5410 351 5499 palatii
369 5416 487 5472 scelestis
501 5413 677 5469 cancellarius
689 5410 858 5481 astipulatur,
872 5411 979 5478 Malioi,

195 5487 298 5557 lauert,
317 5486 431 5558 pliorem
446 5482 531 5540 lsrael
552 5490 680 5538 rourrrtet
693 5482 727 5535 orl
743 5481 880 5536 Dominum
897 5481 981 5537 henin

195 5558 205 5613 i
223 5571 328 5624 misni,
341 5567 366 5611 et
380 5557 436 5627 ipre
449 5553 576 5627 precedet
597 5552 671 5608 illarii
695 5553 721 5608 t'n
744 5553 836 5622 spiritu
849 5564 874 5607 ei
888 5553 982 5607 cirtiiie

197 5574 276 5693 grie,
293 5636 321 5680 iit
339 5636 469 5681 conemini
488 5624 568 5681 corda
581 5633 682 5694 potrum
694 5624 721 5677 in
735 5623 815 5693 filios,
826 5630 850 5676 ct
864 5621 982 5676 incredit-

194 5697 235 5754 ιιι
248 5699 283 5752 aii
292 5696 453 5766 pnarniirn
462 5696 602 5781 juiipriirri,
615 5701 640 5747 et
650 5688 869 5773 pararedoniino
881 5692 981 5762 plebem

195 5763 605 5915 atramentali
617 5760 981 5914 lassataslasatas

194 5910 360 5973 ommatius,
378 5905 426 5963 ted
453 5905 505 5962 ilde
535 5909 680 5973 conceptus
705 5901 738 5957 ad
767 5901 978 5974 redemptionem

1035 5422 1105 5465 tunm
1120 5409 1247 5475 iitrnct.
1264 5426 1302 5474 ui,
1319 5409 1356 5478 fl.
1381 5410 1419 5467 [le
1433 5427 1487 5482 ipio
1501 5414 1581 5466 etiam
1595 5414 1725 5483 propheta
1740 5414 1824 5472 isaias

1034 5481 1196 5536 vaticinatur
1205 5480 1297 5536 dicens
1313 5497 1320 5533 i
1341 5479 1398 5535 Vos
1410 5481 1547 5536 clamantis
1560 5482 1588 5535 in
1601 5498 1687 5538 eremo
1700 5499 1709 5538 :
1726 5483 1825 5541 Parate

1033 5552 1102 5605 rium
1117 5549 1234 5611 bennui.
1247 5558 1330 5604 rectae
1343 5551 1420 5623 facite
1433 5553 1538 5607 semitas
1552 5550 1602 5605 tter·
1619 5555 1712 5609 norici.
1732 5556 1823 5611 Ciuiiia

1034 5620 1108 5676 unitis
1119 5620 1272 5690 implebitur,
1286 5630 1310 5673 et
1320 5622 1405 5675 earnis
1415 5637 1489 5676 moiri
1507 5633 1532 5677 ci
1546 5622 1620 5677 collis
1634 5625 1821 5691 linniiliobiinr,

1033 5701 1058 5743 et
1069 5701 1145 5746 ernist
1173 5707 1212 5745 uie
1230 5706 1311 5760 prore
1325 5699 1384 5744 iiiut
1399 5691 1514 5758 directa,
1538 5701 1563 5746 et
1576 5708 1634 5763 pure
1645 5709 1739 5765 aspero
1762 5706 1825 5751 rant

1034 5760 1060 5813 iii
1074 5761 1156 5832 einip
1184 5777 1250 5825 irai,
1270 5771 1294 5815 ei
1308 5759 1402 5815 ridebit
1414 5763 1498 5816 oinni's
1511 5766 1578 5817 'roro
1592 5763 1755 5820 Solrntorein
1777 5766 1825 5822 tici

1035 5829 1104 5901 (fio.
1117 5846 1161 5891 sn,
1171 5828 1234 5897 ai,
1246 5828 1286 5897 ὅ).
1299 5829 1369 5886 Esco
1381 5846 1434 5887 ros
1444 5841 1522 5888 sonat
1532 5834 1558 5888 in
1572 5847 1676 5901 ercino,
1689 5835 1826 5895 huniilims

1034 5900 1188 5972 prircipum
1198 5900 1342 5970 montibus,
1353 5908 1380 5956 et
1396 5902 1605 5975 asupcrioribui
1615 5903 1665 5961 viis
1675 5918 1707 5960 ac
1721 5908 1825 5963 semitis
