4056 6356
134 492 185 550 rrr
809 563 813 573 ,
879 508 1028 569 suumn
1711 544 1780 600 m,

135 616 236 664 torum.
252 607 281 664 10
293 610 389 679 qur'lrus
398 610 486 668 denuo
494 611 632 677 mendatis,
652 624 778 687 unquam
788 617 927 676 ditissimis
940 628 962 684 Α
979 624 1059 682 tritici
1068 627 1189 688 cunnus
1205 646 1351 709 trancupat,
1365 638 1450 709 ipsam
1459 659 1614 703 mensnram
1624 647 1763 710 lidelPau-

135 693 256 763 lereulis,
279 698 319 756 sie
346 699 496 757 coelestium
524 702 679 761 deliciarum
704 706 782 778 eopia
800 708 927 779 spiritalis
975 713 1017 770 los
1030 720 1165 788 appellat:
1180 733 1209 780 ut
1219 740 1394 796 agnoscamus
1412 747 1466 790 non
1485 735 1627 797 aliudesse
1644 743 1764 813 spiritale

46 860 51 865 μ
133 786 279 853 exuberat,
300 796 329 845 ut
352 791 379 846 in
394 791 477 849 rcrlro
495 792 544 850 Dei
556 795 674 854 abundet
697 798 770 868 qnod
792 799 927 871 perlectus
975 806 1092 862 triticum
1106 826 1187 880 quarn
1201 814 1597 882 curtsriaoatuetveneraoitc
1611 844 1764 889 sacramen·
1841 842 1852 857 ·

133 880 270 948 comedat,
285 884 403 940 abundet
413 887 493 942 etiam
504 888 576 958 quod
591 893 716 961 paruulus
726 902 813 964 sugat.
828 894 867 951 lot
884 902 926 950 est
975 901 1040 949 tum.
1057 897 1141 967 Hujus
1155 904 1236 960 tritici
1247 921 1399 964 mensuram
1413 912 1490 968 robis
1502 914 1646 975 innomine
1657 918 1764 980 Domini

132 967 206 1022 euim
218 969 298 1024 simul
311 979 339 1026 et
353 971 455 1030 lacteus
465 985 554 1046 potus,
570 993 624 1048 quo
639 988 730 1036 tenera
743 980 861 1039 iidclium
875 1000 925 1039 nu·
973 988 1081 1057 dumus,
1096 995 1201 1063 quotics
1214 998 1355 1057 illuminati
1368 1003 1439 1061 dono
1452 1008 1544 1077 gratim
1557 1012 1701 1082 spiritalis,
1717 1034 1762 1073 se·

132 1052 231 1112 triator
244 1056 370 1126 infantia,
385 1068 415 1128 et
428 1061 530 1119 solidos
544 1063 629 1130 cibus,
644 1081 698 1137 quo
712 1069 822 1126 robusta
834 1069 923 1141 perle-
974 1080 1090 1137 cundum
1104 1087 1223 1154 reguiam
1239 1106 1308 1147 verm
1322 1091 1383 1150 fidei
1397 1094 1576 1168 disputamus;
1591 1112 1620 1160 et
1638 1110 1762 1166 eamdem

7 1200 8 1205 ,
130 1155 239 1207 morum
257 1151 385 1222 iuventus
410 1155 540 1226 spiritalia
559 1165 659 1215 sancte
680 1161 787 1217 virtutis
810 1161 924 1232 accipiat
974 1169 1053 1226 tritici
1068 1187 1219 1230 mensuram
1233 1192 1284 1249 per
1299 1181 1447 1243 dominicos
1470 1189 1670 1260 dispensatores
1690 1198 1762 1253 aeci·

98 1244 113 1269 ’
131 1236 307 1299 lauemeota.
323 1242 362 1299 lot
375 1259 486 1316 prorsus
503 1246 537 1301 ad
555 1247 670 1305 salutum
693 1250 842 1307 consulitur
863 1251 925 1305 uni·
973 1259 1047 1329 pitis,
1060 1279 1120 1320 cum
1135 1270 1256 1339 quotidie
1269 1287 1319 1343 per
1333 1274 1379 1331 Dei
1391 1276 1504 1337 lamulos
1518 1284 1629 1340 rerbrmr
1643 1289 1763 1347 ueritatis

96 1326 99 1330 '
131 1330 220 1385 rersts
233 1345 302 1401 quos
315 1332 443 1391 Dominus
462 1334 721 1406 salvarediguatun
743 1340 780 1426 llil
797 1339 923 1412 estquod
972 1349 1081 1407 auditis.
1098 1353 1136 1409 Dc
1151 1356 1208 1425 ipsa
1231 1374 1302 1417 nuuc
1324 1377 1389 1434 crgo
1416 1368 1496 1423 tritici
1520 1364 1645 1429 mensura
1666 1375 1761 1447 loqua-

130 1419 208 1474 omol
221 1420 296 1476 aetati
310 1431 450 1493 congruat,
462 1424 499 1480 ibi
508 1425 581 1495 quod
594 1427 669 1482 omni
682 1428 843 1499 professioni
855 1446 922 1487 001·
971 1456 1032 1498 mur
1045 1443 1093 1516 (ni.
1109 1445 1264 1519 loquimur).
1280 1451 1319 1509 Er
1334 1455 1402 1526 ipsa,
1417 1458 1485 1515 sicut
1500 1460 1571 1518 Deus
1584 1464 1688 1535 dividit,
1700 1470 1761 1523 uni·

7 1568 8 1573 ἵ
131 1506 239 1575 reniam
254 1510 291 1566 ihi
305 1512 427 1568 audimus
441 1522 575 1585 precepta
592 1529 652 1586 quas
665 1517 805 1584 iaciamus,
821 1519 857 1575 tm
876 1535 923 1577 co-
971 1533 1040 1587 rersi
1051 1547 1203 1605 pascamur,
1223 1539 1284 1597 inde
1298 1543 1424 1601 alimenta
1434 1547 1511 1604 boue
1528 1551 1590 1607 ultae
1612 1569 1761 1625 sumamus,

7 1620 8 1683 ς
129 1601 285 1669 ‘noscimus
299 1604 407 1674 praemla
417 1621 476 1676 que
486 1622 640 1678 speremus;
655 1610 691 1666 ibi
705 1619 746 1667 est
754 1612 839 1681 iussio
862 1630 922 1686 que
971 1628 1002 1675 ut
1018 1623 1051 1679 ad
1075 1632 1182 1682 atoma
1200 1630 1262 1686 vitre
1276 1632 1385 1703 praemia
1408 1642 1549 1708 pervenire
1565 1645 1708 1717 possimus,
1732 1649 1762 1704 iu

7 1688 8 1691 ’
129 1706 181 1748 nos
195 1708 245 1764 per
258 1695 374 1750 litteram
384 1696 480 1753 doceat
491 1707 519 1755 et
532 1700 649 1757 instruat
662 1702 696 1758 ad
715 1704 868 1773 scientiam
884 1708 920 1764 tol
970 1714 1043 1770 illum
1054 1716 1204 1789 eredentes,
1219 1722 1246 1777 ln
1261 1723 1307 1780 ilio
1317 1736 1466 1797 sperantes,
1481 1731 1554 1789 illum
1569 1749 1623 1805 pre
1634 1739 1773 1798 omnibus·

128 1784 275 1853 promissio
298 1801 358 1857 quae
374 1803 423 1858 per
449 1791 562 1860 gratiam
577 1792 666 1848 trahat
680 1805 716 1851 -et
738 1797 866 1866 perducat
885 1799 919 1854 ad
968 1805 1034 1861 etin
1048 1809 1172 1866 omnibus
1183 1810 1332 1883 diligentes,
1348 1819 1394 1887 qui
1411 1821 1528 1892 seipsum
1550 1825 1638 1893 nobis,
1658 1835 1686 1884 et
1708 1829 1757 1886 ali-

969 1905 1090 1953 mentum
1104 1908 1212 1969 praestat
1226 1918 1261 1959 ne
1280 1903 1436 1964 deficiamus
1459 1910 1485 1966 in
1500 1911 1554 1979 ria,
1570 1923 1598 1970 et
1617 1919 1756 1987 praemium

166 1964 247 2037 547
257 1965 285 2020 2.
299 1965 445 2025 Servorum
458 1970 550 2039 igitur,
560 1988 629 2043 quos
641 1974 799 2045 populosae
812 1991 919 2048 praepo·
935 1980 1059 2042 Dseruat
1076 1996 1106 2043 ut
1131 1989 1295 2065 gaudeamus
1314 1995 1341 2050 in
1364 1998 1460 2067 patria.
1475 1998 1597 2059 Christus
1621 2015 1663 2061 est
1684 2010 1756 2065 enim

126 2054 184 2111 suit
197 2064 221 2123 ¹,
233 2055 362 2116 Dominus
371 2060 488 2130 speciale
497 2062 590 2119 voleus
598 2063 715 2122 cilicium
722 2066 917 2133 monstrare,
969 2075 1124 2132 alimentum
1139 2087 1269 2147 nostrum,
1282 2080 1404 2141 Christus
1415 2087 1466 2142 erit
1476 2091 1614 2158 prtemlum
1624 2101 1755 2165 nostrum,

125 2144 178 2211 alt,
189 2147 305 2215 quodex
318 2146 464 2219 Evangelio
481 2151 564 2209 modo
585 2156 734 2213 audirimus
750 2156 832 2222 :Quis
843 2168 918 2230 paras
968 2155 1141 2223 Christrucst
1154 2168 1230 2225 essius
1240 2179 1270 2225 et
1277 2173 1428 2231 consolatio
1437 2179 1603 2236 currentium
1611 2182 1771 2256 viatorum„

124 2234 194 2290 eorl
213 2238 299 2308 fidelis
318 2240 482 2312 dispensator
500 2251 527 2299 et
545 2246 672 2315 prudens,
689 2265 766 2319 mem
787 2252 919 2306 constituit
968 2256 1262 2330 ipsemsatietas‘
1286 2269 1313 2317 et
1327 2265 1471 2322 exsultatio
1484 2269 1678 2337 quiescentium
1692 2272 1757 2330 bea-

126 2325 349 2400 Dominasrupra
362 2333 491 2403 [andium
504 2351 587 2401 mum,
603 2346 631 2391 ut
645 2337 791 2395 dctiliiain
807 2349 918 2412 tempore
968 2356 1066 2402 torum.
1090 2347 1131 2403 sd
1152 2349 1237 2419 ipsam
1257 2349 1350 2422 itaque
1363 2354 1444 2411 tritici
1465 2371 1618 2415 mensuram
1638 2362 1757 2430 pertinet
1847 2398 1852 2405 ·

124 2414 208 2470 tritici
220 2419 385 2483 mensuram?
394 2419 489 2476 lienus
501 2422 546 2478 ilie
558 2440 645 2480 reram
658 2443 741 2497 quem,
752 2444 809 2483 eum
821 2431 919 2486 uenerat
966 2436 1038 2503 quod
1058 2437 1188 2493 Dominus
1205 2440 1261 2494 ait:
1283 2440 1393 2498 Vendite
1407 2461 1465 2516 quc
1481 2449 1630 2517 possidetis,
1652 2461 1679 2509 et
1696 2452 1757 2507 date

124 2501 445 2573 emmeramensem
458 2513 595 2582 [muntem
610 2525 621 2556 ι
634 2515 708 2584 (Luc.
722 2532 768 2584 ιιι,
784 2517 840 2589 15).
851 2519 916 2586 Quis
966 2524 1171 2597 eleemosynam:
1195 2528 1274 2599 sorim
1291 2529 1360 2586 nolis
1381 2534 1499 2589 merulos
1521 2537 1565 2607 qui
1588 2554 1640 2593 non
1657 2550 1756 2595 uetere

122 2596 234 2653 estlste
256 2597 395 2668 Dominus,
416 2600 528 2657 iratres?
545 2602 670 2661 Cirristus
688 2606 747 2662 sine
761 2607 853 2672 dubio,
869 2610 916 2681 qui
966 2623 1050 2682 munt,
1066 2616 1211 2671 timueram
1225 2620 1446 2690 nondeficientem
1460 2623 1576 2693 incutis,
1590 2630 1756 2698 molernum

121 2686 180 2742 auis
194 2685 332 2759 discipulis
343 2690 403 2745 alt:
424 2690 476 2747 l'or
492 2695 593 2749 scentia
610 2712 651 2750 me
668 2695 796 2769 ilapimer
818 2708 844 2753 et
865 2698 918 2755 Do·
966 2705 1112 2775 appropiat,
1140 2721 1220 2778 ireque
1246 2708 1317 2762 tinea
1346 2712 1485 2777 cormmpit
1513 2712 1592 2782 (tec.
1621 2731 1667 2780 ιιι,
1696 2716 1768 2789 55)..

122 2774 209 2841 mine3
233 2784 259 2831 et
278 2776 343 2832 leno
358 2779 444 2835 dicitis
456 2796 464 2834 .·
488 2797 544 2836 mm
563 2785 657 2837 etenim
679 2784 767 2850 (loun.
785 2801 842 2854 xtrr,
857 2786 913 2857 15).
966 2790 1088 2860 llagnum
1100 2792 1199 2849 bonum
1213 2803 1265 2861 est,
1287 2792 1384 2853 tratres
1401 2799 1532 2857 carissimi
1544 2812 1567 2867 t,
1589 2804 1667 2862 valde
1688 2821 1755 2862 con·

120 2862 189 2932 Qtre
202 2867 339 2923 estetiam
353 2868 432 2940 huius
452 2871 556 2928 0001101
577 2873 695 2929 familiai
717 2875 847 2931 Nimirum
869 2877 916 2933 iila
964 2894 1069 2950 gruum,
1096 2883 1173 2939 valde
1198 2886 1384 2954 commodum,
1409 2898 1438 2944 et
1459 2886 1575 2947 maxime
1595 2892 1769 2954 Christianls.

119 2962 164 3010 est
176 2970 258 3026 mmm
272 2957 329 3028 ipse
342 2959 471 3016 Dominus
486 2960 520 3017 de
533 2977 614 3019 manu
635 2964 736 3021 inlmici
749 2966 873 3036 redemit,
887 2975 915 3022 et
963 2972 1088 3028 omnibus
1109 2973 1298 3044 appetendum,
1312 2987 1343 3031 ut
1364 2980 1547 3051 uuusquisque
1559 2982 1675 3041 delicere
1700 3003 1754 3043 non

118 3046 300 3104 suademinio
313 3049 484 3122 mancipavit.
505 3049 568 3108 llaec
587 3061 678 3109 autem
700 3054 799 3110 tamilla
821 3065 913 3113 sancta
963 3062 1113 3120 delectetur
1126 3065 1153 3119 in
1167 3062 1253 3135 pejuro,
1274 3065 1321 3125 sed
1335 3082 1430 3125 omnes
1450 3069 1582 3141 prolicere
1600 3074 1757 3133 studeamus

118 3145 163 3194 est
177 3136 298 3196 Ecclesia
312 3142 456 3207 catholica,
471 3158 531 3215 que
543 3158 594 3214 per
604 3145 699 3201 orbem
710 3153 789 3202 terrae
803 3149 914 3218 copiosa
964 3153 992 3207 ln
1002 3152 1107 3211 melius.

119 3224 261 3295 fertilitate
273 3229 440 3300 dillunditur,
461 3241 489 3289 et
511 3233 676 3305 redemptam
693 3249 723 3292 se
736 3238 856 3307 pretioso
870 3240 913 3295 soi
998 3240 1026 3294 l.
1040 3240 1159 3298 Arbores
1170 3258 1273 3311 snmus,
1289 3245 1395 3311 iratres,
1410 3247 1438 3303 in
1454 3261 1520 3318 aare
1534 3249 1670 3310 dominico
1688 3269 1755 3311 con·

118 3315 228 3381 110ιο1ιὶ
240 3321 372 3388 sarrpuioe
381 3321 520 3390 gloriatur.
534 3321 620 3377 Filius
629 3325 698 3379 enirn
708 3325 827 3393 iromtnir,
841 3330 946 3393 sicutc
961 3329 1071 3385 stitutus.
1084 3330 1155 3388 Deus
1164 3340 1205 3387 est
1215 3342 1304 3389 autem
1315 3344 1409 3392 noster
1418 3339 1535 3407 agricola
1547 3358 1555 3395 :
1568 3340 1613 3396 ille
1621 3357 1672 3398 nos
1680 3357 1755 3399 cem·

118 3407 179 3479 ipse
191 3407 240 3476 ait,
252 3412 380 3466 cenitnon
393 3414 548 3481 ministrari,
562 3415 797 3483 neminassent,
810 3429 835 3473 et
848 3420 913 3476 dere
963 3419 1041 3490 pluit,
1055 3421 1102 3477 itte
1114 3423 1188 3490 colit,
1206 3423 1264 3493 ipse
1285 3425 1477 3484 fecunditatem
1496 3430 1597 3495 donat,
1617 3434 1676 3502 ipse
1698 3433 1754 3509 [ηις

116 3498 236 3555 minen
257 3515 333 3555 mom
354 3502 555 3573 redemptionem
568 3507 713 3574 promulsis
738 3508 845 3579 (liutto.
865 3526 911 3575 xx,
961 3508 1095 3564 etillcaodi
1104 3511 1218 3580 gratiam
1228 3513 1422 3571 subministrat.
1440 3515 1532 3573 Pluvia
1546 3518 1594 3575 Del
1604 3527 1647 3575 est
1662 3535 1753 3579 sermo

116 3583 178 3659 18).
194 3587 278 3659 'lpse
290 3582 331 3645 est
344 3591 425 3647 etiarn
440 3591 536 3649 Pastor
546 3595 633 3652 bonus
645 3597 691 3666 qui
706 3597 822 3653 animaru
836 3614 912 3655 suam
961 3606 1060 3655 sanctae
1078 3600 1286 3670 predicationis,
1301 3603 1407 3661 cultura
1430 3606 1478 3663 Dei
1491 3614 1532 3662 est
1546 3607 1644 3664 intuslo
1658 3611 1752 3680 gratias

117 3681 271 3752 posuitpro
281 3674 453 3741 oribus‘suis.
469 3683 541 3741 Grex
555 3700 619 3756 ergo
633 3688 696 3743 boni
718 3689 836 3746 Pastoris
854 3690 912 3761 ipsa
961 3688 1099 3758 spiritalis.
1115 3689 1187 3746 Deus
1200 3691 1281 3760 igitur
1294 3703 1431 3764 precepto
1446 3709 1497 3751 nos
1513 3696 1652 3766 compluit,
1673 3697 1756 3769 adju*

116 3781 163 3829 est
175 3771 277 3829 tamttta
291 3772 488 3846 Redemptoris.
504 3775 680 3851 Dispensator
701 3796 767 3838 vero
787 3781 848 3852 quis
866 3784 912 3849 sit,
961 3779 1032 3835 torio
1043 3779 1120 3836 colit.
1135 3780 1204 3836 Dum
1217 3784 1357 3854 compluit,
1369 3783 1482 3863 aulerta
1496 3786 1574 3844 noots
1594 3787 1754 3857 ignorantia

115 3876 199 3933 qoem
213 3873 321 3935 oportet
329 3867 505 3925 esselldelem
513 3870 614 3939 pariter
625 3871 831 3942 etprudeotem,
842 3872 913 3930 Pan-
961 3867 1124 3941 siceitatem
1139 3868 1204 3925 dum
1222 3871 1297 3942 colit,
1312 3872 1382 3929 bene
1402 3873 1508 3930 vivendi
1519 3875 1662 3932 condonet
1669 3879 1754 3935 noer·

115 3949 160 4008 lus
174 3953 253 4010 nobis
267 3954 384 4011 ostendit
395 3955 542 4028 apostolus,
558 3957 691 4030 quidese
710 3961 819 4033 suisque
831 3963 912 4019 sociis
961 3963 1057 4043 totem3
1074 3956 1138 4014 dum
1158 3960 1236 4031 pluit,
1249 3970 1349 4017 terram
1363 3963 1449 4020 nostri
1459 3965 1548 4021 cordis
1568 3966 1676 4034 irrisam
1687 3967 1753 4024 dum

114 4042 233 4113 mouens
254 4045 294 4100 ait
309 4064 316 4100 r
332 4045 377 4102 Sic
400 4064 449 4104 noa
473 4050 601 4104 enormes
624 4050 700 4106 ierne
725 4060 754 4106 ut
779 4054 911 4109 ministros
960 4062 1025 4103 tero
1038 4048 1113 4116 colit,
1128 4051 1162 4106 de
1177 4052 1234 4122 ipsa
1248 4059 1320 4109 terra
1333 4053 1426 4123 spinas
1440 4062 1469 4110 et
1482 4054 1596 4114 tribulos
1609 4056 1752 4114 mundanas

114 4133 217 4192 tamiri
224 4145 249 4192 et
259 4137 448 4208 dispensatores
459 4143 637 4212 mysteriorum
648 4140 706 4197 Dei.
719 4141 770 4199 1110
778 4144 836 4215 jem
845 4158 913 4217 purte
961 4138 1264 4213 cupidllailtexslitpai·
1288 4142 1421 4199 Debemus
1435 4145 1526 4215 itaque
1549 4145 1685 4205 fecundati
1698 4165 1755 4208 coe·

115 4226 186 4281 rusa
203 4228 271 4283 um
284 4228 485 4302 armannum,
503 4242 532 4288 m
549 4233 635 4304 puero
648 4237 704 4307 quos
723 4237 869 4292 sonsum
883 4237 912 4307 (ι
962 4227 1073 4283 tutinus
1086 4229 1192 4299 prussis,
1208 4229 1336 4287 uouemus
1348 4234 1681 4302 momenmentum
1694 4252 1753 4294 ma·

115 4315 179 4373 Gor.
196 4333 232 4384 rs,
248 4317 274 4385 l,
285 4319 325 4389 2).
962 4320 1041 4376 nibus
1053 4322 1340 4393 supernircspondere
1353 4323 1475 4384 cultoris.
1489 4323 1560 4383 Etsi
1571 4343 1628 4383 non
1639 4339 1755 4399 possunt

149 4405 180 4461 ὅ.
193 4405 233 4461 Ne
245 4409 306 4477 qu's
319 4417 408 4464 autem
421 4418 541 4467 nostrum
554 4411 627 4467 solos
645 4413 781 4483 apostolos
803 4415 910 4484 dispen-
962 4424 1057 4465 omnes
1074 4410 1188 4466 arbores
1207 4412 1325 4481 equales
1335 4411 1437 4468 fruetus
1451 4412 1560 4476 afferre,
1575 4416 1647 4471 nulla
1662 4425 1756 4473 tameo

112 4510 225 4552 satores
237 4495 322 4552 iactos
332 4484 477 4564 existimet,
488 4499 665 4570 neglectoque
675 4502 776 4561 utilitite
785 4502 912 4572 spiritalis
960 4499 1042 4554 debet
1055 4499 1082 4554 in
1097 4512 1162 4568 agro
1175 4499 1311 4556 dominico
1324 4501 1424 4557 sterilis
1436 4508 1611 4571 penuaoere'

8 4594 9 4597 ’
113 4584 218 4652 officio,
234 4600 329 4642 servus
342 4588 418 4657 piper
432 4587 574 4645 inlideiiter
589 4590 826 4661 imprudenterque
845 4591 910 4646 dor·
998 4586 1024 4643 5.
1040 4588 1152 4645 llultum
1166 4590 1308 4647 metuenda
1327 4591 1404 4647 uobis
1422 4591 1666 4659 cst‚,iratres,.,llla
1689 4610 1755 4651 serr·

111 4677 206 4745 mitet,
221 4678 278 4748 ipse
290 4679 386 4734 beatus
401 4681 545 4750 Apostolus
565 4682 706 4754 episcopos
725 4697 832 4752 quoque
854 4684 909 4737 dis·
924 4676 1044 4749 pientia
1056 4678 1256 4746 comminantis,
1276 4692 1329 4747 qua
1348 4679 1465 4735 dicitur:
1484 4677 1575 4737 Omnia
1594 4681 1674 4739 orior
1695 4700 1753 4755 qun

111 4778 277 4840 pensatores
288 4784 348 4827 ease
358 4771 515 4840 ostendens,
529 4774 566 4827 ait
579 4791 586 4827 :
603 4772 711 4844 Oportet
729 4774 798 4827 enim
811 4774 911 4842 episeo-
962 4768 1090 4840 transterit
1103 4769 1215 4841 [ructum
1229 4769 1322 4825 ionum
1336 4770 1478 4836 ercidetrrr,
1488 4780 1513 4825 et
1526 4773 1554 4826 in
1568 4775 1654 4846 ipnem
1667 4775 1753 4831 mine-

111 4878 177 4933 pam
191 4861 249 4916 ιὶιισ
262 4863 444 4929 erimineesse,
454 4864 520 4918 sicut
535 4863 583 4917 Dei
597 4864 799 4934 dispensatorem
816 4862 879 4933 (Tit.
891 4879 910 4930 ι,
963 4869 1004 4914 tur
1014 4857 1121 4929 (uarro.
1137 4875 1177 4927 ιιι,
1192 4858 1520 4931 {promeruerimus
1538 4862 1567 4918 ln
1585 4863 1674 4932 lenem
1689 4864 1753 4922 mit·

111 4950 152 5020 7).
179 4950 258 5007 Serri
275 4966 341 5021 ergo
360 4954 444 5023 patris
461 4951 577 5009 familias
589 4968 700 5020 sumus,
714 4953 913 5023 dispensatores
962 4949 1035 5014 titur,
1052 4949 1189 5019 rapacitas
1199 4949 1263 5020 quid
1277 4952 1415 5006 mereturt
1431 4951 1560 5021 Autquid
1572 4953 1686 5024 recipiet
1705 4955 1755 5025 qul

109 5039 225 5098 Domim
238 5057 341 5109 sunaus,
355 5057 507 5098 mensuram
528 5042 609 5098 tritici
630 5058 711 5113 quam
725 5043 801 5098 vobis
814 5055 909 5110 eroge·
961 5038 1080 5093 alienum
1104 5039 1205 5106 tulerit,
1228 5040 1254 5095 si
1274 5055 1383 5112 semper
1396 5041 1501 5097 ardebit
1513 5044 1559 5113 qui
1572 5042 1606 5100 de
1629 5059 1679 5100 suo
1698 5060 1753 5113 non

109 5146 176 5187 mus
187 5132 352 5202 accepimus.
369 5132 512 5200 Quaerere
527 5134 562 5188 sit
580 5133 631 5188 ista
644 5147 769 5188 mensura
783 5132 864 5188 tritici
886 5132 908 5186 si
962 5127 1085 5184 dederit?
1098 5126 1132 5184 Et
1142 5129 1165 5184 si
1174 5127 1306 5197 judicium
1317 5129 1376 5186 sine
1386 5130 1570 5188 misericordia
1582 5133 1636 5189 erit
1654 5134 1693 5189 illi
1704 5134 1758 5203 oui

108 5236 280 5293 amamus,
294 5223 379 5292 ipsam
392 5237 501 5294 quoque
520 5223 597 5279 nobis
615 5222 711 5279 beatus
723 5222 822 5279 Paulus
844 5237 911 5293 apo-
963 5238 1016 5278 non
1029 5220 1093 5278 tecit
1106 5222 1153 5293 (01.
1166 5222 1240 5291 lacit)
1256 5223 1467 5280 misericordiam
1480 5224 1550 5295 (tas.
1563 5224 1661 5296 mli),
1672 5223 1754 5294 quale

109 5312 204 5369 stolus
218 5312 337 5369 ostendit
348 5312 457 5373 dicens:
482 5311 626 5385 Unicuique
647 5315 713 5368 sieut
732 5311 803 5367 Deos
826 5313 911 5368 dieisu
961 5310 1091 5381 iudicium
1101 5310 1154 5367 erit
1167 5310 1206 5366 illi
1219 5311 1265 5381 qui
1287 5310 1381 5368 locent
1394 5319 1422 5367 et
1440 5314 1580 5384 rapinam?
1601 5311 1755 5371 Timeamus

109 5418 268 5458 monentem
281 5403 342 5473 fidei
357 5401 445 5473 iliam.
461 5419 507 5465 ιιι,
523 5403 561 5473 5).
582 5402 667 5471 Quam
681 5414 745 5471 erpo
759 5416 913 5457 mensuram
966 5413 1046 5470 ergo,
1064 5398 1186 5467 iratres,
1205 5401 1348 5458 tirneamus
1372 5410 1450 5458 aetus
1478 5410 1596 5459 romeos.
1619 5399 1754 5461 obedient

150 5582 280 5723 :gasak
294 5586 481 5717 wama
963 5583 1195 5706 te'tuffmuutloaec
1214 5649 1243 5705 in
1255 5648 1335 5718 llog,
1351 5649 1446 5707 colom
1466 5659 1494 5706 et
1516 5647 1596 5705 Desii.
1617 5646 1753 5717 horninur

151 5734 166 5758 ι
185 5720 232 5777 Sic
254 5737 305 5792 ms.
320 5721 397 5778 Colb.
421 5733 449 5780 et
474 5725 548 5791 Ant„
569 5729 645 5790 Juxta
667 5730 769 5777 textum
789 5720 911 5776 Graccum
964 5722 991 5776 in
1006 5736 1056 5774 ms.
1071 5731 1099 5775 et
1112 5719 1175 5802 ant.
1270 5789 1275 5801 ⁸

109 5790 260 5860 Evangelii
275 5800 303 5845 et
317 5792 393 5862 Vulss.
412 5810 480 5849 vers.
496 5794 573 5849 tucn
588 5809 634 5855 ιιι,
646 5792 689 5846 li.
707 5792 736 5844 Αι
754 5790 814 5845 edd.
828 5788 911 5856 ilua,
1002 5790 1011 5828 1
1027 5790 1100 5852 Aut,
1116 5797 1217 5856 rprnmt
1227 5798 1340 5844 satietur.

104 5862 219 5919 Coiou.
234 5869 262 5916 et
275 5860 369 5927 Basil,
384 5864 405 5916 tu'
427 5864 539 5918 'iontem
893 5929 899 5939 .
1002 5870 1014 5906 t
1029 5860 1102 5927 riost,
1119 5861 1213 5931 fratrea
1227 5873 1252 5911 m
1269 5864 1287 5912 i.

151 5934 165 5968 ³
186 5926 304 6001 llogunt.
327 5941 354 5986 ct
371 5881 478 5999 Goion,
508 5950 558 5988 narr
578 5931 751 6003 manufacturi,
766 5930 810 6021 red
829 5944 912 5983 manr-
