4064 6344
62 5674 75 5705 d

240 317 287 374 ssi
757 313 783 367 S.
807 306 984 368 tbteenttt
1005 304 1153 366 El‘lSCOPl
1174 306 1360 370 RUSPEbSlS
1827 317 1880 378 ibi

239 433 387 492 secundum
396 449 467 489 veras
479 432 539 488 lidei
554 432 672 501 regulam
684 429 776 487 calicis
789 445 887 486 nomen
900 428 1030 500 intelligi:
1048 430 1070 487 Α
1084 424 1207 485 Citristus
1229 445 1357 502 passurus
1386 430 1594 503 promittebatur
1606 471 1614 499 .
1639 430 1691 492 bac
1715 429 1877 493 saeridcimn

240 527 266 582 in
282 527 335 582 boc
350 535 440 582 tamen
455 523 593 591 Evangelii
617 522 678 578 loca
692 521 726 577 de
749 537 804 592 qua
819 538 890 577 nunc
913 520 1034 593 disputa·
1085 522 1165 580 alleri
1185 539 1240 596 quo
1262 523 1385 580 Christus
1405 523 1462 595 jam
1485 541 1579 597 passas
1593 524 1754 584 ostenditur.
1779 524 1878 585 Dividit

240 634 311 684 naus,
324 632 378 674 nan
393 615 464 672 alind
479 615 629 684 intelligere
647 613 761 670 sinimur
785 613 834 675 nisi
857 611 930 683 quad
951 610 1034 683 ipsius
1086 614 1167 670 etiam
1190 622 1296 685 tempus
1317 613 1383 672 illud
1405 615 1571 673 celebrante
1595 612 1820 686 circumcisionis.
1844 619 1878 676 sb

239 705 347 764 Damni
362 716 390 762 et
402 706 520 775 magistri
536 704 620 760 nostri
633 702 804 759 sermonibus
815 702 972 768 elucemus,
988 698 1033 771 qai
1085 703 1138 762 ista
1153 713 1275 776 tempore
1296 706 1460 778 percipiendi
1474 707 1653 779 baptismatis.
1668 708 1753 777 liujus
1766 703 1878 768 dirislo⁴

239 801 294 858 ait:
306 797 357 854 llic
368 798 437 852 eolis
449 814 542 852 nauum
549 795 740 851 Testamentum
753 804 791 849 est
802 795 829 849 in
840 794 969 867 sunguine
978 808 1034 848 meo
1085 797 1127 853 nis
1140 798 1345 855 saluberrimum
1360 798 1458 854 recinet
1481 796 1590 855 modum
1605 799 1685 855 eiiam
1701 799 1728 854 ῑῃ
1744 803 1879 872 gamapio

241 891 318 963 (Eric.
333 907 398 950 ran.
414 889 476 961 90);
487 898 515 944 et
526 904 558 944 cx
572 890 623 944 bac
637 887 728 957 regula
739 901 793 957 qna
803 887 854 942 iste
863 883 1035 942 calix'l'esta-
1086 889 1245 957 neamenim,
1256 888 1475 960 qnandoquidem
1488 906 1542 946 nan
1551 884 1751 946 tubislodaicls
1762 890 1880 947 inaniter

239 980 467 1038 mentumdicitar
477 995 585 1046 novam,
597 979 623 1035 ia
636 978 681 1034 illa
691 978 776 1034 calice
786 992 866 1047 qoem
877 976 1035 1049 priusdedit
1086 987 1224 1052 personat,
1237 981 1283 1037 sed
1297 983 1422 1038 renovari
1435 991 1654 1054 unumquemque
1668 981 1764 1053 spiritu
1780 980 1879 1039 mentis

239 1089 294 1130 nan
308 1073 409 1142 absque
422 1072 529 1128 ratione
548 1080 625 1127 retas
647 1069 805 1139 intelligitur
819 1068 1030 1126 Testamentum.
1086 1085 1151 1137 snae,
1175 1078 1202 1128 et
1222 1069 1333 1128 iadnere
1355 1087 1454 1128 navum
1478 1071 1616 1128 bominem
1639 1079 1732 1128 sancta
1753 1068 1877 1130 Ecclesia

240 1162 300 1235 lpse
325 1164 408 1233 igitur
429 1162 558 1218 llominus
583 1169 727 1231 utmmquc
752 1158 864 1216 calicem
878 1156 966 1224 dedit,
986 1156 1032 1228 qai
1086 1160 1233 1235 praedicare
1247 1181 1302 1223 noa
1316 1174 1414 1222 cessat.
1436 1164 1499 1221 llaec
1513 1165 1602 1222 amnia
1617 1159 1763 1221 salubriter
1783 1163 1880 1221 dividit

240 1264 383 1326 utromque
403 1253 603 1310 Testamentum
624 1251 681 1308 suis
702 1248 826 1306 lidelibus
849 1246 950 1304 tribuit.
964 1244 1034 1305 Pro·
1085 1270 1146 1325 ame
1160 1271 1231 1312 nnnc
1251 1264 1412 1312 veneranter
1431 1243 1531 1328 accipit
1553 1257 1580 1311 in
1604 1256 1730 1321 lectione,
1754 1255 1803 1312 sed
1822 1253 1878 1325 lam

239 1355 333 1417 nterea
348 1352 375 1402 et
387 1347 414 1401 in
428 1345 525 1404 eadem
540 1360 617 1402 eman
642 1352 669 1401 ct
683 1342 822 1401 lodoicum
832 1338 931 1414 pascha
943 1357 1034 1398 comc-
1086 1361 1141 1401 noa
1156 1345 1276 1401 celebrat
1289 1345 1315 1402 in
1328 1361 1419 1417 apere,
1434 1362 1527 1402 aorem
1541 1345 1630 1402 cardis
1645 1344 1791 1402 admovens
1811 1360 1879 1417 apa·

239 1443 288 1504 dit.
304 1440 378 1511 quad
393 1441 538 1512 oportebat
548 1437 648 1503 ollerri,
661 1447 687 1495 et
701 1444 901 1494 sacraanentum
913 1433 1034 1506 corporis
1087 1434 1189 1494 atirlieis
1210 1437 1298 1504 dictis,
1317 1439 1414 1508 naribus
1437 1438 1531 1494 beatos
1544 1437 1643 1494 Paulus
1665 1436 1760 1494 lideles
1784 1452 1879 1494 omnes

239 1536 281 1590 sni
305 1544 333 1589 et
359 1533 499 1604 sanguinis
522 1531 606 1597 dedit,
634 1530 705 1602 arrad
730 1529 892 1586 adsalutem
916 1522 1033 1582 bdelium
1085 1530 1202 1597 instruit,
1217 1526 1471 1587 diseamdemams
1481 1528 1617 1601 judicetis
1631 1528 1793 1598 cibaretur
1805 1536 1877 1599 patu,

159 1692 165 1701 ⁶
240 1625 384 1695 oportebat
406 1624 510 1680 institui
525 1641 532 1677 ι
545 1621 665 1679 comedit
687 1620 787 1690 pascha
807 1617 960 1673 ludaeorum
979 1630 1034 1686 quo
1085 1626 1130 1674 aut
1140 1614 1167 1675 in
1181 1629 1255 1691 parte
1270 1616 1323 1676 diei
1337 1620 1406 1694 sesti,
1421 1630 1466 1675 aut
1479 1622 1630 1685 neomenias,
1646 1631 1691 1675 ant
1701 1614 1878 1689 sublatorum,

240 1715 388 1784 promissus
400 1721 441 1769 est
452 1712 583 1777 Christus,
599 1720 629 1767 at
641 1711 746 1766 veniret
756 1708 789 1764 ad
800 1709 899 1780 pasclra
912 1715 1033 1764 naslmm
1084 1712 1483 1784 pnearantumbrusutmumm,
1497 1728 1591 1784 carpus
1605 1722 1690 1769 aarum
1705 1712 1802 1770 Ebriati
1818 1708 1880 1785 (Ca-
1975 1720 1979 1733 ·

240 1820 294 1874 aaa
308 1804 463 1860 immolatus
476 1812 517 1859 est
539 1801 672 1858 Christus.
694 1800 813 1870 deniqne
837 1798 947 1855 attende
970 1798 1032 1870 qarid
1052 1804 1148 1868 Bloss.
1159 1819 1188 1867 ιι,
1202 1801 1255 1875 ιθ).
1273 1803 1339 1859 Nam
1354 1813 1382 1860 et
1395 1814 1592 1867 sacramentum
1603 1796 1816 1861 circumcisionis
1829 1820 1880 1861 ex-

240 1915 302 1955 cnm
315 1897 454 1970 discipulis
469 1897 570 1953 dixisse
584 1895 671 1953 Lucas
684 1894 848 1962 evavagelista
869 1908 1034 1949 commemo·
1086 1909 1190 1965 ponens
1199 1895 1251 1950 ait:
1263 1894 1354 1950 Videte
1360 1913 1393 1951 ae
1399 1891 1455 1967 puis
1466 1912 1509 1952 eos
1516 1896 1628 1967 decipiat
1638 1912 1683 1968 per
1690 1892 1881 1967 pbilosopbiom

241 2000 292 2048 rat.
307 1990 352 2048 Sic
366 1990 437 2046 enim
452 1988 490 2044 ait
505 2006 512 2042 ι
527 1986 562 2042 Et
573 2004 630 2042 cum
642 1988 712 2058 {actu
725 1996 792 2040 esset
807 1984 881 2048 laura,
896 1980 1034 2047 discubuit,
1085 1985 1226 2042 minonem
1242 1985 1385 2059 fallacinm,
1401 1985 1539 2042 meandum
1555 1986 1720 2041 traditionem
1733 1986 1880 2051 Ιιιιιιίιιιιιιι,

172 2114 175 2121 ,
240 2090 265 2135 rt
276 2080 410 2136 duodecim
423 2078 535 2150 apostoli
558 2094 615 2133 eum
635 2094 683 2141 eo;
707 2085 732 2131 et
753 2076 791 2129 nit
813 2075 867 2130 illis
879 2090 887 2129 :
899 2072 1035 2128 Desiderio
1086 2076 1224 2133 seeundum
1237 2077 1362 2132 ebmmttn
1376 2076 1477 2145 mnndi,
1489 2083 1514 2131 et
1524 2093 1575 2131 aron
1587 2076 1725 2131 sectandum
1733 2074 1882 2141 Christum:

240 2170 383 2227 desideravi
398 2171 446 2225 lot
459 2169 556 2239 pusclm
577 2167 735 2222 munducare
754 2164 884 2222 reducum
896 2174 1036 2235 urrtequant
1085 2170 1145 2240 guia
1159 2167 1185 2222 in
1200 2168 1256 2239 ipso
1271 2166 1370 2223 inlitnt
1384 2169 1468 2223 omnia
1482 2167 1616 2239 plenitudo
1630 2167 1773 2223 diuinitatis
1787 2183 1882 2238 corpo·

239 2264 327 2333 patiar
343 2259 418 2327 tenc.
435 2276 503 2328 xasa,
522 2258 576 2328 ll).
598 2258 771 2315 blanducavit
783 2272 848 2329 ergo
865 2258 966 2329 pascha
980 2272 1035 2325 qua
1086 2259 1187 2325 raliter,
1202 2259 1298 2315 stertis
1309 2252 1336 2314 iia
1351 2258 1397 2314 iilo
1411 2257 1503 2328 repleti
1514 2260 1557 2331 qui
1569 2267 1607 2313 cst
1617 2266 1693 2329 capnt
1707 2260 1791 2313 amnia
1805 2258 1882 2328 prin-

239 2368 368 2426 passurns
381 2351 591 2422 signillcabator,
606 2357 751 2420 antequam
773 2365 824 2420 pra
838 2349 918 2405 nabis
936 2347 1035 2403 valam·
1086 2353 1188 2422 cipotm
1200 2360 1226 2406 et
1239 2351 1384 2421 potestatis,
1397 2350 1423 2404 in
1435 2366 1484 2422 pria
1495 2358 1520 2405 et
1539 2348 1684 2404 circumcisi
1697 2349 1759 2403 eatis
1772 2348 1884 2403 circum·

239 2445 309 2502 tario
320 2451 469 2515 pateretur.
494 2441 543 2497 Est
564 2449 654 2497 nutem
676 2440 758 2497 etiam
775 2440 801 2496 in
815 2440 880 2511 ipsis
894 2438 1036 2495 dominicis
1086 2442 1184 2497 cisione
1193 2458 1245 2496 non
1256 2443 1407 2513 manusfacta
1421 2442 1446 2495 in
1459 2440 1648 2510 exspoliatione
1657 2441 1774 2512 carparis
1783 2440 1882 2505 earnis,

239 2535 411 2593 sermonibus
433 2533 534 2605 aliquid
562 2533 635 2604 quad
659 2533 790 2588 attentius
814 2538 856 2587 est
878 2546 893 2586 a
914 2528 1036 2587 lldelibus
1085 2533 1132 2588 sed
1145 2533 1173 2587 in
1184 2532 1380 2587 circumcisione
1393 2531 1498 2598 Cirristi,
1519 2531 1664 2602 concreputti
1676 2532 1701 2587 ei
1715 2533 1744 2585 in
1755 2530 1885 2601 baptismo

240 2626 450 2697 agnoscendum,
474 2625 501 2682 in
526 2641 580 2696 gua
605 2623 745 2695 uniusque
760 2622 928 2680 Testamenti
946 2628 1037 2694 potest
1087 2623 1236 2691 (Cebenna,
1247 2624 1336 2695 stt).
1352 2624 1416 2681 liare
1430 2633 1458 2680 et
1471 2625 1513 2681 bis
1524 2624 1622 2682 similia
1636 2633 1663 2681 et
1677 2624 1783 2696 accepit
1793 2622 1885 2680 Eccle-

240 2734 371 2792 apparem
398 2719 539 2776 discreta.
568 2717 668 2773 Beatus
688 2716 761 2773 enirn
785 2716 871 2773 Lucas
894 2715 929 2772 de
951 2714 1037 2772 calice
1086 2718 1126 2778 sia
1136 2723 1284 2792 sapienter.
1298 2732 1327 2777 et
1340 2721 1434 2777 dividit
1450 2739 1457 2776 ι
1472 2721 1640 2793 accipienda,
1655 2721 1741 2778 credit
1756 2738 1771 2777 a
1787 2721 1843 2778 lieo
1856 2721 1883 2779 in

239 2828 320 2884 anem
335 2812 461 2883 primitas
476 2810 633 2876 nominavit,
646 2811 682 2865 ita
693 2810 759 2867 dicit
770 2808 821 2865 :Et
831 2819 935 2880 accepto
945 2809 1035 2874 catice,
1087 2812 1202 2867 veritate
1214 2811 1362 2881 premium
1382 2811 1538 2879 dividenda,
1556 2811 1695 2880 cognoscit
1707 2812 1741 2868 ab
1755 2810 1813 2883 ipsa
1827 2811 1884 2869 Deo

237 2907 339 2978 gratim
352 2906 404 2976 epit
417 2914 442 2958 et
463 2904 550 2958 dicit:
565 2904 680 2974 Accipite
697 2912 722 2958 ct
735 2902 839 2957 dividite
852 2902 920 2959 taur
931 2918 993 2966 uos:
1003 2899 1037 2956 dc
1087 2901 1114 2956 in
1128 2902 1243 2958 veritate
1251 2900 1307 2971 jam
1322 2902 1443 2968 reddita;
1459 2917 1510 2959 nee
1529 2903 1556 2957 ia
1577 2900 1669 2974 liguris
1680 2910 1821 2974 exspectat
1831 2902 1884 2958 im·

236 3010 310 3066 pane
321 3010 386 3051 vero
410 3004 438 3049 ct
451 2994 535 3051 calice
550 3003 644 3065 pastea
660 2995 774 3064 laqaaens
797 2994 835 3049 ait
853 2985 909 3048 :Et
931 3001 1036 3061 accepto
1087 2993 1196 3065 pientia,
1215 2993 1263 3049 sed
1277 2994 1433 3050 inveritate
1456 3002 1574 3050 retentat
1597 2992 1719 3062 impleta.
1741 2992 1798 3049 Scit
1811 2993 1885 3048 enim

237 3103 308 3158 pune
321 3086 420 3157 gratias
433 3085 497 3156 epit,
511 3094 537 3140 et
551 3086 638 3158 saepit,
661 3094 686 3140 et
706 3085 778 3140 dedit
799 3085 837 3140 eis
850 3084 938 3141 dicem
956 3100 965 3140 .·
979 3083 1037 3141 lloc
1086 3094 1181 3144 saneta
1190 3085 1311 3143 Ecclesia
1327 3083 1433 3142 lldclem
1447 3085 1532 3142 licam
1545 3084 1572 3140 in
1586 3085 1677 3142 vorbis
1690 3084 1758 3152 stris,
1781 3094 1810 3141 ct
1822 3099 1887 3140 san·

240 3187 277 3234 cat
298 3192 390 3248 corpur
407 3193 491 3232 menan
508 3176 577 3249 parad
589 3191 636 3247 pro
659 3176 730 3232 uobis
744 3175 836 3242 dutum·
851 3174 899 3231 bue
918 3177 997 3249 ircim
1009 3175 1037 3231 ia
1052 3186 1074 3249 (ζ
1089 3186 1162 3237 ctum
1177 3177 1204 3234 ia
1219 3176 1344 3234 amnibus
1358 3177 1487 3249 operibus
1499 3175 1556 3234 suis
1569 3195 1576 3231 z
1589 3175 1661 3232 unde
1670 3176 1741 3232 sicut
1754 3175 1781 3231 in
1792 3173 1887 3230 Veteri

240 3284 325 3322 tutem
348 3266 628 3322 ccnrmemamtienem.
649 3265 778 3321 Similiter
791 3274 816 3320 et
835 3265 942 3320 stlitem
964 3276 1037 3337 past·
1089 3272 1263 3331 Testamenta
1279 3271 1367 3329 fidelia
1382 3272 1466 3328 verba
1480 3272 1528 3329 liei
1552 3270 1735 3344 promittentis
1749 3265 1887 3349 intelligit.

137 3394 141 3407 ι
231 3378 317 3432 ¹rpttttnt
331 3363 449 3428 toenuoil,
463 3359 571 3415 disens:
586 3357 638 3414 liic
649 3359 722 3415 eelr'e
733 3356 759 3413 N
761 3375 835 3415 utum
847 3358 1036 3415 Testamentum
1088 3363 1128 3420 eie
1141 3363 1169 3419 ia
1184 3360 1362 3419 Testamenta
1383 3360 1459 3417 liano
1469 3369 1564 3418 sancta
1578 3375 1661 3433 opera
1673 3360 1721 3417 [lei
1734 3359 1808 3432 quod
1821 3373 1890 3433 pro·

237 3455 320 3509 estin
334 3452 583 3525 sanguineumque·
597 3468 644 3521 pro
659 3451 729 3507 uobis
743 3451 862 3523 tunditur
876 3450 952 3526 (buc.
968 3466 1035 3516 xxiv,
1088 3454 1199 3512 miserat
1212 3453 1348 3508 reddentis
1357 3452 1490 3521 agnoseit.
1502 3452 1631 3520 Quaedam
1643 3452 1713 3509 enim
1725 3451 1889 3523 promitten-

239 3544 346 3616 ’.Ἰ-19).
368 3542 428 3600 Nan
441 3543 506 3599 mibi
519 3543 624 3600 videtur
635 3543 752 3600 inaniter
764 3543 808 3599 irie
821 3543 856 3599 ab
869 3540 927 3615 ipsa
940 3542 987 3599 liei
998 3557 1040 3598 sa·
1089 3546 1124 3602 tis
1134 3545 1182 3601 Dei
1194 3544 1277 3602 verba
1292 3542 1400 3601 luerunt
1410 3552 1579 3601 sacramenta
1590 3543 1696 3599 Veteris
1704 3540 1888 3606 Testamenti,

240 3636 342 3706 pientia
357 3635 501 3691 verborum
520 3634 642 3703 anoedam
658 3634 727 3690 lacta
748 3633 892 3700 discretim
915 3632 1038 3702 qnando·
1088 3636 1187 3707 quibus
1210 3635 1290 3692 nabis
1313 3635 1523 3707 promittebatur
1546 3633 1670 3697 cbristus
1692 3651 1700 3688 ι
1722 3647 1783 3703 gom
1800 3630 1889 3689 verba

240 3728 349 3800 guidem
365 3729 481 3800 primam
493 3727 613 3784 calicem
628 3727 669 3783 sic
692 3725 878 3795 accipiendum
901 3725 986 3793 dedit,
1008 3735 1038 3782 at
1088 3730 1264 3796 transierunt,
1289 3744 1322 3785 ex
1338 3743 1393 3799 quo
1410 3728 1463 3785 illis
1477 3727 1575 3798 quibas
1589 3727 1798 3799 promittebatur
1811 3724 1892 3782 inve

240 3821 400 3890 preciperet
414 3818 603 3882 dividendum,
616 3817 708 3874 dicens
726 3836 731 3870 :
748 3818 871 3886 Αιιιρὶιι,
894 3827 919 3873 et
933 3817 1039 3874 dividite
1089 3820 1316 3877 nitnrexbibitus.
1329 3818 1393 3876 ldeo
1404 3819 1431 3875 in
1442 3819 1501 3891 ipso
1511 3816 1644 3875 sacribcia
1654 3816 1776 3890 carparis
1786 3814 1891 3873 Christi

240 3914 308 3967 inter
318 3927 377 3976 aas:
402 3910 475 3979 asad
499 3911 573 3965 inea
593 3909 678 3965 calice
691 3925 772 3981 quem
786 3925 848 3965 cum
866 3924 937 3981 pane
952 3909 1037 3975 dedit,
1089 3928 1104 3968 a
1118 3913 1265 3981 gratiarum
1279 3912 1387 3968 actione
1401 3910 1556 3982 incipimus,
1569 3920 1599 3967 ut
1609 3910 1746 3967 Christum
1759 3924 1814 3965 non
1825 3907 1895 3965 dan·

241 4003 353 4058 omnino
365 4016 419 4056 nan
430 4000 498 4055 disit
507 4000 562 4056 :ibi
577 4000 649 4056 enirn
664 4014 763 4070 corpus
775 4014 853 4055 sunm
866 3999 1038 4069 sanguinem·
1089 4001 1165 4068 dum,
1180 4001 1228 4058 sed
1242 4000 1334 4057 datum
1348 4001 1427 4057 nobis
1439 4000 1466 4056 in
1480 4000 1596 4057 veritate
1606 4008 1805 4065 monstremns3
1820 4007 1851 4054 et
1863 3996 1893 4053 in

241 4106 294 4162 (tue
308 4088 658 4155 commendat‚eteumdem
671 4088 784 4145 Cilicem
799 4104 898 4145 ¹¹⁰V¹¹¹¹¹
914 4090 1035 4162 285511
1089 4110 1124 4152 ea
1143 4093 1217 4165 quod
1232 4094 1333 4164 gratias
1344 4093 1448 4163 agimus
1462 4091 1518 4149 lieo
1532 4092 1559 4148 in
1574 4092 1712 4149 ablatione
1725 4089 1852 4161 carparis
1863 4097 1896 4144 et

241 4184 433 4252 earrguinesna
447 4182 544 4238 asserit
558 4181 771 4245 Testamentum.
788 4180 1039 4237 dieensmltccattc
1089 4185 1227 4255 sanguinis
1240 4183 1350 4252 Christi,
1362 4196 1558 4253 cognoscamus
1578 4198 1632 4239 aon
1652 4181 1740 4241 adbuc
1759 4179 1897 4238 occiden-

242 4274 346 4331 Ncuum
361 4275 551 4331 Teetmnmtvm
565 4283 604 4330 eat
613 4275 777 4347 insanguine
787 4291 843 4330 meo
855 4274 898 4346 gui
908 4290 955 4346 pre
968 4273 1039 4329 eolis
1089 4275 1153 4332 dnm
1175 4275 1311 4331 Cinistum
1336 4290 1386 4345 pro
1410 4273 1511 4331 raastris
1524 4274 1605 4346 266
1618 4271 1816 4343 iniquitatibus,
1842 4270 1898 4328 scd

242 4367 376 4441 funditur,-
388 4365 460 4422 nulla
470 4381 535 4423 vero
547 4364 576 4421 dt
589 4365 690 4422 metatio
704 4364 796 4422 calicis
807 4364 954 4432 dividendi,
966 4364 1038 4435 auae
1090 4366 1224 4432 occisum;
1248 4379 1298 4422 nec
1311 4364 1485 4422 redimendos
1500 4380 1550 4421 nas
1568 4362 1615 4420 iila
1629 4362 1768 4435 sarrguiae,
1784 4361 1835 4418 sed
1850 4376 1899 4418 re-

243 4462 269 4517 in
283 4460 465 4531 aliisquoaue
475 4459 581 4516 duobus
595 4457 779 4527 evangelistis,
794 4457 921 4514 liattbma
935 4456 1038 4514 scilicet
1089 4459 1223 4530 demptos.
1239 4458 1308 4514 Vera
1323 4468 1366 4515 est
1387 4458 1459 4516 enlm
1481 4456 1553 4514 beati
1570 4457 1644 4515 Petri
1659 4456 1829 4529 predicatio,
1853 4457 1899 4514 di-

243 4564 271 4608 et
284 4551 387 4620 narce,
399 4550 525 4607 similiter
538 4549 685 4619 invenitur,
707 4550 777 4607 sicut
790 4565 884 4605 earum
903 4549 976 4606 dicta
990 4564 1038 4606 sta»
1053 4549 1177 4629 pecatis
1197 4565 1205 4605 a
1227 4536 1289 4603 tina
1312 4548 1382 4604 enim
1404 4546 1612 4621 corruptibilibus
1636 4555 1744 4618 urgento
1763 4546 1804 4603 cei
1824 4564 1901 4603 narra

242 4644 360 4715 perlusa
374 4641 552 4713 nobisposita
572 4640 878 4698 e'videnterastendunt.
895 4641 972 4698 llune
984 4641 1037 4696 ita·
1089 4640 1216 4712 redempti
1235 4641 1296 4694 estis
1311 4638 1343 4694 de
1364 4655 1433 4694 cana
1455 4649 1540 4695 uestra
1564 4639 1759 4694 consecatione
1771 4646 1903 4708 parmam

241 4752 295 4806 aare
308 4735 430 4801 calicem,
457 4734 484 4802 in
498 4749 553 4806 quo
567 4743 645 4791 setus
668 4733 797 4789 insinuari
812 4733 929 4790 diximus
941 4732 1037 4789 Testa·
1090 4732 1249 4796 trnditianie.
1269 4731 1315 4787 sed
1328 4732 1441 4799 pretioso
1455 4728 1581 4803 empirice
1598 4731 1672 4802 pnasi
1685 4728 1754 4802 dgni
1768 4730 1903 4786 incontu-

242 4833 375 4894 mentum,
390 4823 450 4880 idea
467 4824 596 4880 boninus
613 4823 798 4896 accipiendum
813 4821 1039 4893 dividendumque
1089 4823 1183 4880 minuti
1193 4833 1218 4879 et
1229 4823 1389 4879 immaculati
1404 4820 1500 4878 dimisti
1512 4822 1540 4893 (l
1554 4821 1624 4877 l'etr.
1637 4838 1656 4886 ι,
1669 4819 1725 4892 ie).

242 4915 391 4979 mandavit,
416 4923 447 4972 ot
469 4914 585 4985 apostoli
609 4914 682 4972 dona
693 4914 834 4984 sapientise
854 4913 974 4970 ooelcstis
997 4913 1039 4968 in·
1125 4913 1171 4967 ii.
1186 4910 1288 4968 Dividit
1302 4926 1368 4981 erga
1381 4920 1475 4966 saneta
1488 4909 1607 4968 Ecclesia
1623 4908 1747 4980 dgnrasa
1760 4909 1902 4976 veritate,

242 5007 350 5075 stmctl,
360 5007 401 5063 sic
411 5007 573 5076 scriptoram
586 5006 694 5064 leteris
705 5006 869 5062 Testamenti
880 5012 1037 5061 reverenter
1090 5003 1199 5061 nmbms
1214 5018 1357 5074 scorparc
1371 5019 1378 5056 t
1394 5000 1468 5075 qaod
1481 5018 1541 5057 eain
1556 5002 1642 5059 sancti
1656 5000 1773 5074 apastoli
1787 4999 1904 5059 docue-

242 5097 412 5167 acciperent,
443 5106 473 5152 ut
488 5097 524 5152 ‘in
552 5098 617 5169 ipsis
641 5096 784 5169 praeceptis
810 5095 875 5165 guid
902 5094 1035 5164 agendum
1083 5094 1401 5165 ’suntquidivldendum
1416 5093 1907 5153 interseillomcalicemabomino

241 5184 528 5260 qaidre'amitteadum
540 5196 622 5257 esset,
637 5196 750 5261 accepto
759 5187 930 5246 discretionis
940 5188 1035 5260 spirita
1088 5187 1233 5244 salubriter
1246 5197 1421 5260 acceperunt.
1435 5185 1521 5258 llujas
1534 5194 1625 5244 autem
1638 5185 1731 5246 calicis
1745 5184 1809 5244 idea
1822 5187 1908 5245 divi-
2014 5212 2015 5233 v

240 5281 441 5349 cognovissent.
450 5279 516 5337 liae
529 5282 601 5338 enim
616 5287 658 5336 cst
672 5291 748 5337 recte
761 5279 891 5347 dividere,
907 5287 937 5335 ut
951 5294 1034 5335 unos·
1089 5280 1194 5337 sionem
1204 5278 1334 5337 Dominus
1347 5280 1486 5353 discipulis
1498 5280 1582 5346 dedit,
1603 5281 1667 5352 ania
1682 5280 1747 5351 ipsis
1759 5277 1906 5338 docenti·

239 5370 356 5441 noisgue
368 5371 474 5427 noverit
486 5371 727 5442 provcongrneatia
741 5370 871 5443 temporis
885 5371 949 5441 quid
960 5371 1039 5427 amit-
1089 5371 1140 5428 bus
1153 5379 1246 5428 sancta
1261 5370 1382 5428 Ecclesia
1400 5371 1582 5440 cognitionem
1596 5369 1677 5440 liuius
1688 5368 1835 5427 divisionis
1853 5385 1908 5428 ao-

238 5470 299 5519 terc
310 5463 418 5530 debeat,
433 5463 497 5536 quid
512 5472 616 5521 tencre.
1088 5465 1170 5535 cepit.
1186 5463 1258 5521 llicit
1269 5470 1361 5519 antem
1378 5472 1408 5518 nt
1419 5462 1488 5518 inter
1500 5476 1530 5519 se
1543 5461 1674 5529 dividant,
1699 5459 1795 5529 idest,
1817 5471 1856 5517 ut
1874 5462 1908 5519 in

277 5555 322 5612 tt.
336 5554 405 5613 lline
416 5564 459 5612 est
472 5555 544 5628 quad
555 5554 713 5613 cautissima
726 5555 866 5613 divisionis
879 5556 974 5613 ordine
983 5554 1037 5611 Ec·
1089 5554 1193 5610 assitme
1214 5554 1325 5627 spiritus
1339 5561 1368 5610 et
1380 5553 1487 5610 vinculo
1501 5552 1586 5625 pacis.
1607 5558 1778 5610 sacramenta
1790 5549 1909 5610 Testa-

241 5647 325 5703 ciesin
339 5645 461 5717 lleivivi,
474 5662 535 5717 anm
549 5655 591 5703 est
604 5647 728 5704 columna
743 5655 771 5703 et
784 5648 982 5703 lirmamentnm
996 5661 1039 5702 ve·
1087 5645 1173 5702 menti
1187 5644 1256 5701 Navi
1272 5652 1502 5701 mmmnentomm
1515 5652 1638 5701 vetemm
1659 5642 1815 5701 cessatione
1837 5645 1909 5704 dis-
2012 5692 2013 5699 ,

241 5736 329 5791 vitatis
341 5720 367 5808 '(t
386 5732 453 5791 itm.
470 5752 509 5802 ιιι,
527 5734 581 5807 lbi,
608 5709 730 5808 tdmpora
752 5726 973 5794 ventmi'libristi
985 5728 1037 5791 ve·
1088 5736 1235 5807 tinguant:
1251 5735 1323 5807 qnod
1339 5735 1365 5792 in
1376 5735 1462 5793 calice
1477 5734 1643 5793 Testamenti
1657 5734 1725 5792 Novi
1741 5748 1797 5791 noa
1823 5750 1913 5808 puna-

244 5826 397 5898 nientisaue
421 5826 567 5894 discernit;
601 5836 628 5884 et
650 5826 756 5884 amissis
781 5825 919 5884 sacriilciis
940 5826 1038 5896 quibas
1090 5825 1153 5896 cipit
1168 5826 1201 5882 ab
1210 5826 1345 5892 annectis
1357 5826 1425 5885 lieri.
1437 5825 1465 5882 in
1477 5825 1553 5885 Nava
1563 5826 1636 5884 enim
1644 5825 1911 5890 Testamentomnn

769 5932 773 5944 v
1033 5925 1046 5953 s
