4056 6356
207 412 212 421 ’
233 428 298 486 me
765 413 793 469 s.
814 391 993 469 commin
1012 408 1162 467 muscum
1184 409 1369 467 nnsenssts
1821 376 1874 475 ιιι

245 542 378 605 babemus,
390 548 522 605 operemur
532 530 599 603 quood
610 528 703 583 borium
716 534 753 582 ert
764 526 799 579 ud
813 540 909 588 onustes,
922 524 1033 584 orosius
1048 526 1170 593 Aqneos
1184 534 1225 580 est
1238 516 1345 591 diaboli,
1358 542 1410 582 non
1426 525 1511 582 solum
1527 527 1648 597 laqueus,
1664 528 1710 596 sed
1723 508 1811 584 eliani
1818 532 1876 600 gla-

244 640 332 685 outrm
355 628 391 681 orl
412 624 561 681 dourerticoe
585 620 646 690 fidei
671 616 742 689 (Gal.
759 634 794 684 ur,
812 616 872 687 ab),
896 615 1034 671 evidenter
1082 612 1142 669 dius
1159 631 1165 667 :
1181 630 1228 684 pes·
1247 616 1334 685 ipsam
1356 615 1468 670 miseros
1491 616 1581 687 capit,
1602 632 1650 686 per
1673 619 1758 689 ipsam
1780 630 1877 691 captos

235 718 362 775 ⁴ostendit
371 708 442 785 qnod
468 706 586 781 inopere
598 708 718 765 caritatis
732 708 767 764 sit
779 707 887 779 quidem
898 705 965 760 alius
975 706 1034 760 aliis
1083 701 1219 758 interficit.
1243 702 1346 759 Caritas
1363 713 1403 760 est
1418 705 1494 760 radix
1507 705 1626 774 omnium
1640 707 1784 777 bonorum,
1796 711 1875 780 cupi-

246 808 373 880 (etalio)
393 802 587 875 praeferendus,
615 815 695 856 nemo
715 808 804 854 tamen
827 798 862 858 sit
882 814 898 852 a
916 798 1035 852 caritatis
1084 792 1153 847 ditas
1178 792 1254 847 radix
1278 802 1320 849 est
1341 793 1460 849 omnium
1486 795 1616 850 malornm
1643 795 1669 867 (l
1683 796 1749 854 Tim.
1765 816 1801 862 n,
1817 801 1875 871 lb).

245 895 382 953 beneflciis
405 890 596 948 excludendus.
623 889 727 945 Caritas
755 890 846 959 ltaque
864 888 909 943 illa
929 895 1032 950 sancta,
1079 880 1222 952 'Cupiditas
1235 897 1341 953 semper
1355 883 1499 951 cruciatur,
1512 884 1575 939 dum
1588 887 1717 956 rapiendo
1731 904 1785 943 nou
1797 905 1879 946 sana-

240 1000 333 1057 pura,
354 991 382 1038 et
397 992 425 1037 ut
439 980 547 1053 proprie
563 981 650 1037 dicam
662 1020 670 1046 ,
684 980 783 1035 caritas
794 978 956 1042 Christiana,
975 991 1035 1046 qum
1076 978 1138 1026 tur.
1150 970 1254 1028 Caritas
1266 979 1355 1027 summ
1366 987 1472 1043 semper
1482 974 1597 1041 taetatm,
1608 978 1734 1045 quioniam
1746 989 1879 1047 quantum

244 1075 350 1144 petiens
370 1080 430 1137 est,
451 1087 511 1142 quaa
531 1070 645 1139 benigna
659 1060 720 1135 est,
744 1083 804 1137 quae
818 1082 871 1122 non
884 1066 1034 1134 emulatur,
1085 1060 1289 1131 multiplicatur,
1305 1070 1408 1117 tanturn
1423 1063 1522 1133 largius
1536 1076 1673 1133 erogatur.
1688 1058 1797 1123 Et'ideo
1809 1067 1881 1124 sicut

239 1178 304 1232 -quae
318 1178 372 1217 non
385 1163 441 1231 agit
454 1176 614 1233 perperam,
631 1172 683 1214 non
698 1156 814 1223 inflatur,
829 1170 884 1211 uon
896 1162 939 1210 est
951 1154 1036 1208 asnbi-
1078 1149 1256 1218 'adipiscendo
1267 1152 1437 1221 pauperascit
1447 1152 1582 1224 appetitor
1595 1146 1753 1224 iniquitatis,
1765 1158 1802 1212 ita
1817 1157 1880 1213 red·

243 1252 332 1317 tiosa,
347 1267 400 1307 uon
414 1251 510 1321 qurerit
522 1265 582 1319 quse
604 1264 652 1304 sua
665 1254 744 1313 suist,
759 1256 818 1314 qnae
835 1260 890 1300 non
904 1243 1035 1323 irritatur,
1086 1237 1174 1293 dendo
1188 1238 1295 1294 ditescit
1306 1239 1426 1294 redditor
1439 1240 1568 1295 caritatis.
1586 1240 1761 1299 Perturbatus
1774 1246 1879 1316 cupidi·
1922 1262 1940 1329 ⁵,

243 1355 300 1397 non
311 1340 412 1408 cogitat
424 1339 534 1403 malum,
548 1352 601 1392 non
611 1335 709 1405 gaudet
718 1348 799 1405 super
809 1333 961 1404 iniquitate,
972 1347 1036 1387 con·
1062 1392 1066 1403 Ι
1079 1335 1128 1381 'tas
1143 1326 1206 1381 dum
1221 1325 1312 1383 ulcisci
1330 1320 1426 1398 puerit
1439 1329 1577 1401 injuriam,
1594 1333 1737 1403 tranquilla
1750 1344 1793 1390 est
1806 1335 1878 1409 cari·

225 1487 232 1495 ,
245 1428 344 1497 gaudet
357 1422 445 1481 antem
459 1425 575 1491 rentati,
585 1437 644 1493 quse
654 1422 745 1479 omnia
758 1419 862 1487 suiicrt,
872 1419 962 1475 omnia
975 1432 1036 1474 cre·
1081 1423 1128 1471 tas
1138 1414 1201 1470 dnm
1215 1415 1319 1492 donare
1330 1415 1486 1491 delectatur.

241 1519 295 1585 dit,
309 1518 397 1573 omnia
411 1523 515 1587 sperat,
531 1513 621 1570 omnia
642 1498 767 1581 sustinet,
781 1510 880 1567 ceritas
895 1523 955 1578 qum
967 1523 1036 1562 nun·
1340 1548 1421 1620 5oe
1441 1548 1557 1606 SERMO
1579 1551 1611 1606 w

246 1620 326 1675 quum
341 1605 413 1661 cadit
428 1603 454 1674 ll
469 1602 529 1659 Gor.
544 1617 600 1670 rin,
613 1600 630 1654 i
642 1609 667 1656 et
681 1600 758 1672 sep),
773 1600 795 1655 si
810 1599 887 1670 (sorte
897 1597 948 1667 sic)
963 1611 1034 1652 com·
1613 1591 1621 1605 ⁹

244 1695 379 1766 plectatur
391 1692 512 1755 amicos,
539 1700 568 1746 ιιι
589 1689 718 1746 dilatetur
738 1703 824 1759 usque
839 1686 872 1743 ad
886 1688 1009 1757 inimicos
1026 1703 1033 1739 ι

244 1786 342 1841 <amicis
355 1799 385 1841 se
398 1783 550 1840 solennibus
563 1781 678 1849 reddat,
702 1779 817 1835 inimicis
837 1793 868 1834 se
884 1775 1037 1833 nolentibus
1124 1769 1150 1822 l.
1170 1769 1278 1826 Clarum
1300 1772 1365 1826 tanti
1387 1773 1512 1846 martyris
1526 1776 1623 1830 natalis
1637 1774 1725 1842 diem,
1740 1779 1813 1835 beati
1827 1779 1880 1837 sei-

245 1874 364 1943 ingeram
378 1874 445 1929 istos
458 1877 558 1937 teneat,
571 1860 777 1938 illosacquirat;
792 1867 859 1922 istos
868 1865 994 1928 oblectet,
1007 1869 1036 1917 ut
1051 1887 1075 1947 B
1088 1859 1150 1916 licet
1163 1860 1300 1932 Cypriani,
1318 1876 1384 1932 quo,
1401 1867 1516 1922 terrenis
1530 1882 1563 1922 ao
1574 1861 1738 1927 moribundis
1751 1873 1880 1929 membri,

190 1966 195 1973 '
248 1979 282 2019 ex
304 1963 397 2018 amicis
415 1978 470 2017 non
491 1958 640 2016 efficiantur
656 1955 770 2022 inimici;
795 1955 856 2011 illos
879 1955 990 2018 inritet,
1007 1959 1036 2006 ut
1089 1959 1203 2014 exutus,
1230 1950 1264 2023 ad
1286 1963 1393 2008 aeternae
1413 1956 1520 2025 prumia
1540 1958 1601 2012 vitm
1622 1961 1838 2030 transmigravit,
1853 1972 1881 2018 et

248 2053 362 2108 liariter
376 2051 490 2106 inimicis
503 2049 591 2105 amici.
891 2070 893 2075 >
1089 2038 1233 2094 sacerdotii
1244 2039 1301 2109 eius
1311 2040 1460 2096 doctrinam
1485 2050 1512 2099 et
1522 2045 1642 2117 martyrii
1652 2048 1887 2117 nobisuictoriam,

1267 1654 1304 1709 De
1321 1666 1411 1712 saneto
1426 1656 1557 1729 Cypriane
1574 1670 1699 1732 nrortpce.

283 2142 312 2197 b.
335 2139 526 2203 Recordemur,
542 2138 648 2203 iratres,
663 2136 806 2191 uerborum
819 2135 925 2191 Domini
946 2134 1038 2190 dicen·
1089 2128 1300 2193 commendarit,
1316 2129 1431 2198 lecitque
1445 2145 1480 2185 er
1494 2134 1634 2204 temporali
1647 2136 1782 2204 qnondam
1796 2138 1881 2192 tristi·

247 2232 283 2287 ω
299 2247 305 2283 :
323 2229 428 2299 0559,oe
441 2228 560 2282 inimic„
578 2234 689 2291 mmm,
704 2224 846 2295 ,mmm
860 2224 899 2278 pp,
912 2225 956 2296 put
973 2223 1037 2277 opp.
1088 2216 1127 2270 tia
1141 2216 1305 2273 liberiorem.
1330 2218 1397 2272 bum
1423 2220 1495 2276 enim
1515 2223 1585 2279 iuter
1601 2218 1745 2294 pericnlum
1760 2210 1880 2283 cruente

247 2328 308 2373 suut
321 2333 375 2381 uos,
387 2326 413 2370 et
424 2324 496 2370 orote
509 2331 556 2385 pro
566 2304 773 2384 persequentibus
788 2320 814 2365 et
823 2307 1037 2365 calumniantibus
1090 2305 1184 2360 mortis
1206 2313 1234 2359 et
1246 2305 1358 2375 gloriam
1373 2304 1463 2363 deuoti
1475 2312 1631 2367 certaminis
1645 2314 1788 2384 episcopus
1813 2332 1881 2371 cou-

161 2430 165 2445 .
247 2418 291 2461 „03
306 2403 412 2475 (puppup,
427 2420 454 2470 v,
468 2402 525 2471 te),
541 2401 610 2457 [2000
623 2398 752 2454 [eominus
766 2413 849 2468 usque
869 2397 903 2452 ud
916 2398 1038 2453 inimicos
1090 2390 1191 2447 sstendo
1205 2393 1315 2463 patitur,
1326 2392 1445 2461 Ecclesia
1457 2397 1559 2454 orando
1568 2401 1740 2471 compatitur.
1755 2402 1821 2469 Quis
1835 2421 1881 2461 ne·

249 2494 389 2549 caritatem
400 2490 476 2559 jubet
494 2488 621 2554 eruendi,
641 2495 669 2542 et
691 2501 776 2556 usque
797 2487 831 2541 ad
853 2493 1039 2556 persecutores
1081 2481 1172 2547 sciat,
1186 2498 1219 2538 ac
1233 2499 1287 2538 nou
1301 2485 1392 2554 potius
1404 2485 1530 2556 prudenti
1543 2490 1759 2547 consideratione
1778 2508 1880 2563 cogno·

222 2627 227 2635 .
249 2579 392 2636 bhristiaui
403 2573 492 2634 cordis
502 2570 717 2632 benevolentiam
726 2573 842 2628 dilatari.
856 2572 890 2627 Et
900 2588 960 2643 quae
969 2588 1040 2628 mer·
1090 2571 1160 2637 scit,
1184 2571 1256 2627 luunc
1278 2573 1364 2643 ipsum
1383 2575 1430 2643 qui
1442 2592 1521 2632 ,nunc
1535 2592 1624 2633 annua
1639 2579 1882 2639 circumstitutione

248 2683 294 2724 ces
304 2681 415 2736 opernm
429 2672 562 2721 tantorum
576 2663 701 2725 dabitur?
712 2662 756 2716 rel
765 2660 836 2730 quod
849 2661 930 2732 505
942 2675 1040 2717 munus
1090 2659 1174 2717 iectus
1192 2662 1268 2718 nobis
1282 2659 1430 2720 revolvitur
1443 2666 1515 2733 dies,
1531 2666 1689 2725 Christianis
1701 2686 1734 2727 ac
1750 2673 1883 2741 religiosis

249 2762 384 2828 praecepto
398 2755 460 2809 huic
479 2752 665 2809 obedientibus
677 2750 834 2806 conserturi
856 2749 916 2821 ipss
929 2751 1040 2805 demon·
1090 2750 1224 2807 mentibus
1241 2752 1288 2823 illo
1303 2761 1366 2809 tuuc
1386 2761 1508 2825 tempore
1528 2757 1610 2814 luisse
1629 2759 1793 2826 sollicitum,
1819 2763 1882 2818 dum

250 2855 344 2903 streta
357 2860 387 2900 se
404 2851 582 2914 praeparatam
604 2841 711 2897 caritati
733 2839 905 2903 mercedem,
924 2839 970 2908 qni
991 2854 1040 2909 per
1090 2838 1218 2896 aduersus
1231 2840 1368 2897 diabolum
1381 2844 1415 2900 ab
1429 2845 1549 2901 antistite
1561 2856 1687 2918 suscepto
1700 2850 1827 2917 culmine,
1839 2854 1881 2922 pia

252 2935 381 3007 Spiritum
400 2939 523 2989 sarnetum
547 2932 630 3001 gratis
651 2932 737 3001 ipsam
758 2931 882 2997 dignatur
900 2929 1040 2985 infundere
1090 2929 1176 3000 plebis
1188 2931 1354 3001 exspectatio
1368 2933 1531 3004 trepidaret,
1547 2944 1629 3006 atque
1639 2937 1675 2992 ita
1688 2935 1758 2993 tides
1771 2941 1881 2996 resiste·

251 3026 392 3081 caritatem
408 3042 415 3075 :
429 3022 486 3093 ipse
502 3020 579 3076 nobie
597 3020 668 3077 dicat
681 3018 745 3089 quid
760 3033 809 3089 pro
823 3019 936 3074 caritate
948 3018 1039 3074 reddi·
1090 3028 1133 3075 ret
1144 3022 1325 3089 persequenti,
1336 3036 1373 3077 ne
1387 3037 1451 3078 caro
1465 3026 1652 3081 succumberet
1664 3027 1827 3096 blandienti,
1843 3031 1881 3085 ita

252 3123 329 3169 turus
358 3114 394 3167 sit
407 3113 510 3181 dignis,
526 3111 572 3179 qui
587 3110 710 3165 eamdem
732 3112 870 3193 caritatem
885 3109 1039 3173 donaredi·
1089 3120 1181 3182 pastor
1194 3113 1368 3182 praecederet,
1393 3130 1427 3169 ne
1446 3116 1517 3171 ovile
1532 3114 1678 3193 deserepet,
1692 3120 1880 3193 desertumque

252 3214 349 3273 pnetur
363 3202 488 3272 indiguis.
508 3201 585 3256 Dicat
598 3201 679 3269 igitur
691 3199 829 3265 Dominus,
845 3202 926 3267 dicat,
941 3210 968 3256 et
980 3218 1041 3272 pro·
1092 3202 1174 3274 (quod
1188 3202 1268 3273 absit)
1288 3204 1367 3275 lupus
1381 3206 1537 3263 inuaderet?
1560 3209 1673 3266 Dolebat
1687 3211 1807 3268 Ecclesia
1817 3214 1882 3269 sub-

252 3295 313 3366 prio
326 3307 451 3348 sermone
466 3291 675 3359 magnitudinem
697 3283 843 3346 nobiseum
857 3291 1041 3361 promissionis
1094 3298 1207 3347 tractum
1222 3291 1328 3349 interim
1346 3298 1548 3353 conconsortio
1568 3305 1622 3354 mm
1641 3300 1820 3359 clarissimum
1837 3319 1882 3359 sa-

253 3384 399 3442 ostendat:
417 3383 451 3448 lit
466 3384 537 3447 ritis,
558 3382 659 3451 inquit,
678 3382 728 3451 fiili
747 3381 837 3437 Patris
850 3383 927 3437 uestri
948 3385 990 3453 pus·
1013 3378 1042 3438 in
1092 3378 1229 3435 oerdoteru
1245 3398 1251 3433 :
1265 3381 1313 3437 sed
1328 3389 1418 3439 minen
1431 3385 1564 3453 gaudebat
1577 3395 1715 3456 prostrato
1727 3390 1884 3448 aduersario

253 3477 323 3531 omlis
336 3484 374 3530 ret
389 3473 484 3545 (ibid,
498 3471 559 3543 iio).
584 3471 741 3528 Cum-enlm
755 3472 903 3541 diligendos
915 3475 1042 3545 pneclpc-
1092 3466 1191 3521 Cbristi
1205 3476 1351 3541 martyrem
1364 3472 1499 3529 exstitisse
1509 3472 1649 3531 rictorem.
1660 3475 1725 3533 Erat
1737 3479 1768 3534 in
1778 3496 1883 3537 memo·

254 3572 295 3618 ret
313 3564 453 3628 ironicos,
476 3576 596 3616 amarum
620 3560 731 3617 forsitan
750 3571 808 3618 erat
831 3564 904 3633 quod
924 3564 1042 3621 audienti
1092 3555 1132 3611 rit
1147 3555 1270 3613 doctrina
1282 3558 1431 3641 laudabilis,
1444 3565 1601 3623 versabatur
1615 3575 1678 3622 ante
1690 3569 1787 3627 oculos
1801 3571 1884 3629 uirtus

252 3647 664 3721 numerurmsmqomuonoe
677 3650 895 3718 quodebemus
908 3653 1042 3722 ommino-
1092 3647 1238 3711 rotabilis,
1255 3648 1362 3719 orando
1376 3652 1548 3708 minuemus
1561 3655 1772 3726 mnaoauqmu
1785 3660 1885 3715 dome

254 3752 308 3795 tur.
331 3740 466 3795 Teneatur
480 3730 546 3808 ergo
559 3738 708 3794 dulcedinis
722 3739 801 3809 hujus
815 3740 842 3794 in
857 3741 939 3797 corde
952 3743 1042 3799 suavi·
1093 3746 1149 3801 rai,
1166 3739 1271 3809 etquid
1284 3741 1475 3799 eaeterilacere
1488 3744 1633 3812 deberent,
1648 3763 1702 3803 non
1714 3748 1770 3817 jam
1786 3750 1884 3817 verbis,

254 3836 307 3896 tas,
320 3837 348 3885 et
361 3826 544 3883 amaritudinis
558 3826 629 3882 illim
643 3828 812 3898 superabitur
825 3824 976 3886 dillicuitas.
992 3831 1044 3899 Qui
1093 3828 1140 3885 sed
1154 3831 1279 3901 operibns
1293 3832 1503 3903 demonstrabat,
1520 3835 1599 3892 tidem
1610 3852 1775 3907 sermonum,
1791 3857 1886 3897 exem·

255 3921 326 3975 enim
339 3919 483 3975 dilexerint
492 3919 616 3974 inimicos
630 3934 703 3986 suos,
714 3927 742 3974 et
751 3917 935 3983 benefecerint
948 3923 1043 3993 eisqui
1093 3917 1145 3989 plis
1158 3933 1248 3974 rerum
1261 3958 1268 3985 ,
1284 3919 1370 3999 ualida
1384 3922 1518 3980 soliditate
1531 3926 1710 3992 corrltrmans,
1728 3928 1846 3985 credens
1858 3938 1889 3985 ει

256 4027 304 4067 eos
318 4010 448 4075 oderunt,
463 4009 508 4062 iulii
524 4010 571 4063 Dei
586 4018 674 4064 erunt.
1095 4007 1232 4065 conlidens
1244 4024 1293 4079 pro
1306 4013 1423 4067 omnium
1438 4013 1523 4068 salute
1540 4013 1674 4073 Chiistum
1691 4025 1839 4084 mortuum,
1855 4035 1889 4075 ac

291 4099 317 4152 b.
332 4099 478 4164 Quiduero
490 4099 627 4167 accepturi
640 4104 702 4154 sunt
714 4100 758 4154 isti
773 4099 817 4155 tilii
834 4102 880 4157 bei
902 4103 1045 4173 apostotos
1094 4117 1124 4157 se
1147 4116 1197 4171 pro
1221 4102 1279 4172 eins
1301 4093 1417 4159 nomiue'
1434 4120 1488 4159 non
1512 4107 1669 4164 subtrahere
1698 4109 1887 4166 oocidrndmm.

256 4189 379 4245 enuntiat
401 4187 493 4241 dicens
515 4204 521 4239 :
545 4185 606 4257 ipse
628 4186 743 4259 Spiritus
766 4192 936 4245 testimouium
961 4192 1046 4247 reddit
1095 4190 1177 4260 Cujus
1188 4191 1258 4247 enim
1272 4192 1401 4261 sanguine
1412 4201 1475 4249 tunc
1489 4194 1612 4264 indignus
1622 4197 1777 4267 redemptus
1788 4197 1888 4265 iuerat,

256 4278 357 4349 spiritui
371 4283 473 4340 nostro,
488 4278 548 4347 quio
565 4292 653 4331 snmus
666 4277 714 4347 filii
727 4276 785 4332 Dei.
802 4278 832 4334 Si
845 4293 930 4334 nutem
943 4282 1007 4352 filii,
1021 4291 1046 4335 rt
1095 4279 1204 4347 dignum
1217 4268 1294 4334 snum
1307 4282 1465 4351 sangninem
1480 4297 1529 4352 pro
1543 4284 1589 4339 illo
1603 4284 1746 4353 fundebam
1767 4295 1798 4341 et
1810 4287 1891 4356 cujus

258 4367 372 4423 baeredrs
384 4367 520 4421 {tumeries
534 4367 635 4438 pridem
646 4364 704 4432 Dei,
717 4369 861 4425 cohoeredes
872 4380 955 4425 nutem
969 4370 1045 4426 Clui·
1095 4372 1252 4440 sanguinem
1271 4372 1298 4426 in
1315 4372 1365 4426 bac
1377 4373 1431 4427 uita
1445 4371 1558 4429 fideliter
1569 4374 1675 4435 biberat
1688 4416 1695 4440 ,
1715 4377 1749 4432 ab
1762 4378 1826 4448 ipso
1838 4377 1893 4434 sibi

170 4482 172 4488 ·
256 4462 290 4514 sti
305 4458 392 4529 (dom.
409 4474 463 4522 usur,
476 4458 520 4525 ib,
536 4458 591 4529 li).
607 4458 703 4515 Audite
717 4460 808 4529 igitur,
821 4459 983 4529 Christianl3
998 4478 1046 4519 au·
1095 4458 1318 4515 aeternam'vitam
1333 4460 1406 4517 reddi
1420 4477 1500 4532 posse
1514 4463 1673 4520 crediderat.
1790 4520 1792 4523 ,

256 4551 331 4615 dire,
352 4547 397 4606 lilii
418 4549 479 4614 θεὶς
504 4548 606 4617 audito,
631 4550 751 4606 heredes
765 4551 820 4605 liei
842 4560 871 4607 et
892 4554 1046 4614 musterles
1116 4548 1158 4602 '2
1179 4548 1259 4604 Dedit
1275 4551 1348 4606 enim
1361 4551 1401 4606 eis
1414 4551 1628 4607 benedictionem
1643 4553 1688 4624 qui
1702 4554 1788 4623 legem
1801 4555 1894 4629 dode·

256 4641 366 4699 Christi.
387 4638 425 4695 tu
443 4647 582 4710 paternam
597 4640 758 4711 possideatis
771 4641 973 4710 hoereditatem,
991 4661 1044 4700 non
1059 4610 1149 4707 l)rat,
1163 4649 1193 4695 ul
1206 4641 1376 4697 ambularent
1387 4642 1421 4697 de
1434 4642 1531 4698 uirtute
1542 4642 1568 4698 in
1583 4645 1708 4700 uirtutem
1723 4645 1779 4701 :de
1788 4646 1896 4707 minute

258 4733 343 4789 solum
354 4724 455 4797 amicis,
465 4732 606 4788 sedetiam
616 4733 730 4788 inimicis
741 4734 1050 4804 impenditecarituuem,
1096 4731 1157 4787 ildei
1176 4731 1361 4788 sincerissime
1380 4720 1546 4787 isu'rirtutem
1565 4732 1743 4790 conflictionis
1755 4745 1895 4791 constan-

257 4824 326 4882 ltutti
342 4825 441 4880 caritas
460 4820 628 4893 denegetur,
650 4840 709 4894 quac
732 4826 766 4880 ab
788 4826 940 4882 bominibus
964 4829 973 4899 l
981 4830 1047 4899 [orte
1097 4821 1222 4888 tissimum
1240 4819 1275 4876 de
1292 4821 1391 4876 uirtute
1404 4822 1524 4876 caritatis
1538 4821 1749 4890 flagrantissimae
1762 4823 1790 4879 in
1804 4826 1898 4881 virtu·

258 4914 392 4983 omnibns)
414 4915 493 4969 bonis
506 4917 684 4971 communiter
695 4915 856 4987 possidetur.
876 4917 973 4975 Omnes
987 4935 1046 4975 eam
1096 4918 1150 4965 iem
1163 4910 1294 4981 P³⁸⁸i⁰¹¹is
1307 4910 1515 4979 8¹⁰fi⁰⁵i⁵⁸imffl·
1535 4910 1655 4967 (Ῑῐθΰῑᾶὶῑ
1668 4913 1759 4978 essim,
1782 4915 1899 4970 ῑθᾱιῑιΰ

255 5006 337 5064 simut
356 5006 473 5072 naseu,
489 5015 517 5062 u
533 5016 564 5062 m
577 5024 635 5063 eam
655 5010 740 5078 magn
754 5010 875 5064 naseam
886 5018 904 5075 ,·
919 5019 947 5068 eu
967 5013 1046 5069 nonos
1097 5010 1153 5069 esu
1169 5002 1271 5067 dilexit,
1287 5008 1316 5056 et
1327 5008 1435 5057 secutus
1448 5010 1499 5056 oro.
1515 5000 1643 5057 audierat
1657 5003 1729 5057 eorm
1744 5018 1761 5057 a
1774 5003 1899 5059 nomm

232 5108 236 5111 ”
258 5109 318 5151 eam
331 5104 359 5152 et
372 5097 449 5151 malis
462 5097 617 5167 impendite.
634 5097 771 5154 Possessio
781 5101 902 5155 enimest
913 5102 1044 5156 bonorum
1097 5094 1196 5148 dictum
1213 5109 1219 5144 τ
1242 5089 1293 5156 Qui
1307 5108 1347 5146 me
1359 5092 1459 5163 dilicti,
1475 5093 1590 5163 &stills
1603 5109 1643 5146 ιιι
1667 5092 1755 5165 (iimit-
1772 5109 1812 5161 ιι,
1828 5094 1899 5164 26);

259 5185 309 5242 istu
323 5187 488 5252 communis,
505 5203 558 5242 non
572 5197 679 5243 terrena
694 5190 798 5258 utique,
813 5190 860 5245 sed
874 5191 1003 5258 coelestis;
1019 5203 1047 5249 et
1098 5191 1125 5240 θῑ
1139 5184 1234 5238 ilerum
1250 5200 1256 5234 ²
1274 5178 1324 5245 Qui
1338 5182 1420 5236 cmiii
1438 5182 1465 5236 5¹¹
1479 5199 1528 5247 ιιι,
1556 5198 1608 5236 uon
1621 5184 1743 5253 molietur
1756 5184 1787 5237 5⁸⁸
1814 5195 1899 5238 Μ·

259 5275 321 5332 ideo
335 5266 436 5332 nullum
450 5278 477 5332 in
491 5293 523 5333 ea
537 5277 600 5333 lacit
614 5274 761 5349 angustiari
776 5296 889 5351 persona
904 5286 1044 5340 consortis.
1099 5267 1169 5330 uuor.
1180 5272 1213 5328 Et
1227 5280 1303 5345 pater
1314 5272 1362 5344 (ul.
1378 5272 1490 5343 pariter)
1506 5271 1592 5327 tidelis
1603 5280 1710 5329 secutus
1722 5281 1763 5327 est
1780 5275 1902 5343 uestigia

260 5365 374 5422 Tantum
388 5384 452 5424 vcro
467 5377 580 5437 augetur
597 5370 709 5437 caritas,
724 5379 853 5441 quantum
866 5370 945 5427 luerit
958 5373 1046 5428 immi·
1065 5425 1071 5443 ,
1099 5367 1254 5441 saltatoris·
1282 5365 1420 5421 Interritus
1432 5367 1595 5437 contempsit
1612 5367 1763 5437 principum
1771 5367 1856 5437 iussa
1871 5381 1903 5426 et

259 5466 324 5512 nuta
337 5459 483 5529 cupiditas:
500 5468 527 5515 et
539 5460 613 5514 illum
623 5458 687 5514 lacit
696 5458 795 5515 caritas
807 5462 1045 5539 semperliberum,
1097 5457 1215 5528 judicum
1225 5457 1351 5535 edictum.
1373 5454 1485 5512 Paratus
1499 5458 1786 5529 excepitpercossoris
1796 5460 1900 5523 ictum,

259 5562 339 5615 quem
364 5564 418 5603 non
441 5551 559 5604 tenuerit
569 5556 572 5563 “
584 5548 716 5619 cupiditas
741 5550 874 5619 mundana
901 5553 1046 5623 captiuum.
1098 5558 1125 5605 et
1135 5550 1252 5605 animum
1266 5548 1317 5604 soli
1327 5547 1383 5602 Deo
1394 5547 1531 5603 subditum
1545 5548 1626 5609 etiam
1640 5550 1695 5620 ipsa
1710 5532 1786 5605 mors
1799 5565 1903 5607 scrua-

259 5635 363 5692 Caritus
382 5638 481 5693 donum
501 5639 549 5694 Dei
565 5647 627 5706 est,
647 5638 755 5695 dicente
780 5640 909 5710 Apostolo
925 5659 931 5694 :
947 5641 1048 5699 Caritas
1099 5642 1136 5694 vlt
1151 5641 1288 5694 inuictum.
1305 5638 1425 5707 Deniqm
1440 5638 1505 5692 nihil
1520 5654 1581 5693 eum
1596 5640 1759 5695 revocavita
1775 5646 1903 5709 pastoris

261 5723 310 5778 liri
323 5727 418 5795 diffuso
432 5737 469 5781 est
481 5729 508 5780 iu
532 5728 652 5781 cordibus
670 5732 764 5784 ilustris
783 5747 828 5801 per
843 5730 974 5801 Spiritum
987 5750 1048 5787 soro·
1098 5730 1238 5800 gregisque
1249 5727 1381 5792 custodia,
1396 5727 1485 5781 exsilii
1500 5726 1584 5793 locus,
1600 5729 1737 5799 apparitor
1746 5728 1902 5795 uiolentus,

260 5822 327 5867 rtrum
354 5817 395 5885 qul
410 5816 485 5871 doum
499 5826 535 5870 est
550 5816 622 5872 uobis
642 5816 729 5888 (Rom.
747 5836 777 5885 u,
788 5819 829 5890 b).
847 5819 993 5892 ·Cupiditas
1008 5823 1047 5879 la·
1099 5821 1292 5893 persecutionis
1307 5827 1427 5889 tempus,
1439 5816 1537 5888 judicis
1552 5828 1659 5884 metus,
1678 5817 1825 5875 imminens
1843 5824 1906 5890 gla-
