4056 6356
130 352 190 408 ep,
558 337 621 394 ,ne
640 316 810 396 44444444
830 331 1168 392 nnenesrmartours
1187 332 1249 387 444.
1270 331 1291 387 4.
1708 330 1760 388 sto

136 439 326 520 misericordie
334 456 451 528 gratuito
464 452 595 511 beneflcio
605 454 737 510 liberavit.
755 452 919 525 lleprienim
934 460 958 517 Α
971 428 1173 517 computare
1190 445 1278 514 punit,
1292 444 1355 513 quia
1374 442 1537 512 pravitatem
1552 442 1580 498 in
1593 457 1625 498 ea
1644 444 1759 516 invenit,

136 558 208 621 14444.
224 551 366 608 1144444444
386 565 427 604 eur
421 545 589 613 miserebor,
602 554 628 599 et
644 544 848 600 misericordiam
859 558 956 614 4444.
965 551 1055 607 quam
1070 538 1127 606 ipse
1150 551 1203 591 non
1219 534 1292 589 iecit.
1313 532 1415 587 14444444
1425 544 1491 589 vero
1512 534 1705 590 uoluntatem·
1698 548 1770 613 ipse·

135 645 211 702 debr
225 645 267 699 cui
281 638 430 697 miserebor.
446 636 531 710 lqitur
545 652 597 693 44444
608 635 812 707 solertiamque
819 650 926 690 4444444·
975 627 1059 696 444444
1067 635 1212 696 ptaeparat
1227 623 1311 696 erade
1323 623 1435 691 dunats
1428 639 1486 696 ipse
1495 624 1632 746 adiurat,
1625 640 1683 697 tpse
1692 634 1759 681 cim·

132 738 181 804 444,
202 735 248 789 sed
271 725 528 786 miserentirratdlei
543 724 631 798 (Rom.
649 739 687 789 tr,
702 722 747 793 15,
769 721 819 790 164
835 721 921 776 deod
975 722 1103 771 s.ummat

135 839 231 889 mm
248 820 307 892 49)
1010 806 1075 861 Cae.
1090 820 1137 859 444.
1149 803 1243 858 -14,
1258 804 1411 861 certissime
1426 811 1517 874 itaque
1538 813 1676 862 teneamus
1701 823 1768 864 4444·Ι

170 908 390 970 (144.4ι.--.14
402 907 494 964 Gratis
514 905 595 975 igitur
615 902 730 971 qratiam
742 914 819 956 snam
832 897 925 954 tribuit
976 910 1024 951 nes
1036 893 1160 950 hommes
1170 908 1218 963 per
1228 895 1388 964 semetipsos
1398 910 1451 950 nun
1462 896 1549 950 solnm
1559 896 1760 966 perfectionem,

133 1006 209 1060 144444
222 1011 296 1068 nato,
307 1001 369 1070 quia
382 998 467 1068 gratis
480 1011 540 1052 eam
559 999 757 1065 praeparaverat
777 988 924 1043 nascituro.
974 985 1023 1041 sed
1038 999 1087 1039 nec
1096 984 1201 1040 initium
1209 983 1405 1056 iustitiaepoee'e
1417 987 1588 1055 4444444444
1600 987 1646 1045 sed
1658 988 1756 1044 unirer

133 1092 303 1150 Bonisenim
328 1087 458 1161 quidquid
481 1084 680 1143 bonibabcnt
673 1099 700 1138 un
721 1081 859 1155 voluntate
882 1078 926 1134 441
975 1073 1078 1141 sesqui
1092 1071 1243 1141 lluntboni,
1256 1072 1345 1129 divina
1361 1073 1553 1143 lustiilcatione
1569 1075 1719 1144 preveniri,
1734 1083 1763 1131 44

135 1197 221 1253 opere
231 1182 302 1237 144444
317 1179 418 1245 tribuit,
431 1176 477 1247 qui
491 1175 572 1231 etiam
599 1173 697 1228 tributa
722 1169 847 1227 custodit
872 1169 926 1224 lni·
976 1172 1006 1217 ut
1019 1171 1130 1233 accepta
1144 1163 1427 1220 bonaroluntatenon
1440 1163 1575 1228 decidant,
1585 1165 1763 1234 opitulatione
1828 1218 1831 1227 ,

135 1289 198 1343 qm
209 1286 275 1327 wo
288 1278 316 1326 θ,
329 1269 427 1339 imppp,
441 1281 491 1322 ..ω
504 1278 656 1336 papum
670 1261 741 1317 peu,
763 1261 851 1330 pomp
876 1249 1023 1315 4441444
1038 1251 1186 1322 protectum
1201 1253 1240 1308 444
1255 1262 1283 1309 44
1296 1254 1524 1322 perseverantiam
1536 1254 1632 1319 tribui;
1647 1270 1697 1311 nec
1718 1254 1763 1309 411·

134 1362 256 1435 qmando,
268 1377 319 1417 nec
332 1359 397 1415 dare
411 1358 481 1413 mala
494 1354 576 1427 w)
589 1366 683 1424 opera,
698 1351 794 1421 quibus
815 1349 927 1405 (4444444
974 1341 1072 1409 quibus
1086 1341 1226 1398 bominum
1245 1343 1499 1414 meritisprreteritis
1512 1344 1591 1417 th
1606 1353 1652 1399 aut
1665 1344 1762 1401 tuturis

136 1455 227 1511 14414444
236 1452 423 1509 seruirent·
438 1461 526 1517 neque
541 1445 625 1499 maiae
636 1458 676 1498 444
688 1440 862 1498 voluntates
855 1453 925 1497 ruse-
975 1430 1089 1498 1444444444
1103 1431 1175 1499 4444
1191 1431 1269 1487 404
1262 1433 1345 1502 41444444
1359 1433 1452 1501 gratim
1469 1434 1541 1489 444440
1564 1442 1649 1502 atque
1660 1434 1761 1488 44444444

135 1542 190 1597 mi,
194 1541 313 1610 φῶ...
325 1537 424 1606 inl-„spa
437 1546 552 1603 qumque,
561 1529 731 1602 culpantium
745 1528 862 1594 vernunst
878 1526 925 1583 444
975 1522 1100 1577 universa
1111 1521 1250 1576 bominum
1260 1520 1332 1576 bona
1346 1521 1441 1577 merita
1455 1531 1483 1576 et
1493 1523 1552 1577 inci
1555 1523 1613 1577 oari
1624 1522 1760 1593 etperlici.

136 1627 297 1700 preparavit
307 1625 346 1682 eis
358 1624 425 1694 ignis
434 1621 529 1677 utenti
542 1632 665 1689 poeoam,
680 1625 710 1673 ut
728 1617 849 1672 ultricem
862 1629 926 1671 sen·
974 1613 1083 1683 lniquos
1092 1629 1168 1682 vero,
1182 1615 1228 1685 qui
1241 1615 1267 1669 in
1277 1630 1330 1671 sua
1354 1615 1495 1685 iniquitate
1514 1615 1588 1684 josto
1603 1616 1649 1672 bei
1660 1615 1763 1684 jndicio

136 1723 206 1776 tiant
218 1720 245 1774 in
259 1728 360 1774 aetema
373 1710 558 1772 combustione
569 1709 711 1779 justitiam.
728 1706 871 1777 neaerae
882 1723 926 1763 vo
975 1704 1205 1776 derelinquuntur,
1222 1706 1327 1762 etiamsi
1346 1708 1520 1777 perceptione
1541 1703 1699 1764 sacr-'amenti
1714 1724 1763 1765 ea·

136 1812 231 1866 luntas
253 1809 390 1863 bominum
405 1803 419 1842 4
432 1818 487 1858 non
501 1808 542 1857 est
556 1815 588 1856 ex
604 1797 677 1865 beo;
693 1805 720 1853 44
734 1797 796 1853 44144
808 1812 869 1853 eam
881 1796 926 1866 44·.
938 1814 963 1875 B
976 1813 1035 1852 4444
1043 1798 1166 1853 4144444444
1176 1799 1279 1869 peccati
1289 1799 1428 1868 originalis
1437 1809 1526 1866 reatu,
1542 1801 1762 1870 subsequentium

133 1910 194 1957 stus
204 1898 288 1969 juder
303 1898 329 1951 in
341 1893 493 1951 hominibus
504 1892 597 1963 punit,
610 1890 673 1959 quia
688 1904 742 1944 non
759 1888 787 1943 in
801 1902 833 1943 ea
847 1900 922 1943 crea·
967 1895 1075 1952 tamen,
1091 1886 1117 1941 id
1140 1895 1182 1943 est
1207 1888 1395 1959 propriorum,
1411 1891 1507 1944 merito
1533 1898 1704 1960 peceatomm
1727 1892 1762 1947 ad

130 2001 179 2046 tor
191 1990 280 2044 14444444
293 1985 415 2042 ordinem
439 1998 494 2038 suae
516 1980 661 2039 creationis
679 1979 817 2048 agriosdt3
831 1983 860 2031 44
873 1977 921 2047 (ot.
974 1976 1042 2045 ignis
1053 1978 1147 2032 aeterni
1162 1977 1268 2032 devolvi
1292 1979 1463 2049 supplicium.
1483 1980 1638 2036 1444444444
1657 1983 1763 2038 miseri-

132 2079 194 2148 sed)
207 2076 406 2150 perseuerantia
420 2071 581 2144 iniquitatis,
597 2078 679 2140 atque
692 2066 861 2125 eotrtumacia
874 2078 922 2122 sn·
972 2081 1034 2122 cors
1048 2075 1076 2122 44
1085 2066 1184 2135 iustus,
1199 2067 1323 2122 humanu·
1342 2056 1453 2137 o‘riqinis
1474 2068 1674 2141 voluntatisque
1698 2087 1762 2142 pec·

132 2166 434 2243 perhemmiusquia
444 2178 497 2219 nou
507 2178 542 2219 ex
555 2161 677 2230 largitate
692 2160 738 2216 bei
752 2159 874 2225 babetur,
886 2157 923 2214 id
972 2163 1044 2222 eata,
1057 2156 1116 2211 sire
1129 2156 1157 2210 in
1172 2156 1378 2226 parvulis‚sire
1392 2159 1418 2212 in
1431 2158 1575 2231 grandibus
1597 2160 1762 2231 bominibus,
1813 2191 1818 2201 ·

131 2256 379 2316 cireobeonlture
390 2253 542 2309 damnentur.
554 2251 601 2307 Eis
612 2258 703 2306 autem
716 2263 784 2317 quos
793 2247 865 2304 bens
877 2261 922 2304 re·
971 2257 1031 2313 quae
1044 2245 1254 2301 misericorditer
1266 2261 1320 2302 non
1335 2246 1413 2302 diluit
1415 2247 1505 2317 444444
1514 2250 1613 2319 punit
1628 2252 1690 2321 quia
1704 2254 1762 2323 ipse

131 2350 178 2419 poi
188 2348 231 2402 sui
243 2345 310 2402 lacit
323 2342 454 2409 baeredes,
469 2340 553 2412 gratis
562 2340 661 2396 bonam
678 2337 843 2399 voluntatem
856 2350 922 2407 prm·
972 2343 1013 2390 ost
1028 2335 1098 2400 144444
1112 2336 1199 2392 bonus
1209 2344 1237 2392 et
1247 2351 1336 2402 uerus,
1350 2337 1396 2407 qni
1410 2337 1547 2394 bominem
1558 2338 1630 2406 14444,
1639 2341 1687 2396 4441
1697 2356 1762 2411 pec-

132 2437 320 2509 pneumatis
336 2433 441 2490 donate
456 2431 571 2502 ,quihus
593 2418 674 2489 etiam
693 2426 921 2499 perseverantiam
970 2431 1059 2479 catuttt
1075 2440 1102 2479 444
1111 2424 1218 2480 1444444444
1231 2439 1284 2481 non
1298 2425 1412 2482 crearit:
1421 2427 1520 2496 quique
1531 2427 1626 2485 merita
1637 2438 1665 2485 ct
1676 2447 1761 2501 opera

132 2529 329 2584 acriministrat
337 2517 921 2595 Gratisqnippeprreparauitmiserieorditer
971 2516 998 2570 in
1012 2516 1135 2573 amnibus
1154 2514 1325 2573 bominibus
1322 2531 1459 2587 nunquam
1480 2518 1582 2575 invenit
1604 2522 1686 2587 bona,
1708 2538 1760 2592 pro

132 2619 278 2676 tribuenda
290 2618 387 2673 merita
409 2628 561 2682 munerum,
579 2612 676 2682 quibus
696 2609 769 2680 iuste
790 2609 921 2666 retribuat
969 2606 1066 2677 quibus
1085 2622 1134 2664 eos
1154 2607 1257 2674 salvet3
1280 2608 1361 2664 sed
1353 2623 1411 2679 ipse
1425 2610 1451 2663 in
1470 2609 1510 2664 eis
1523 2619 1551 2666 et
1565 2612 1719 2669 noluntates
1732 2621 1761 2671 et

131 2724 247 2766 mum,
262 2708 429 2764 mmmmm,
591 2755 595 2761 ¹
970 2711 1052 2766 opera
1063 2705 1159 2765 mutat,
1174 2698 1281 2767 quando
1294 2713 1343 2756 eos
1354 2699 1469 2767 gratuita
1488 2700 1662 2758 miseratione
1679 2703 1761 2773 iusti-

167 2800 213 2855 te.
227 2799 351 2867 Figuram
362 2812 443 2867 porro
453 2796 566 2854 duorum
576 2795 734 2867 populorum
744 2795 854 2853 dubium
864 2778 928 2853 oon‘
970 2785 1041 2843 44444·
1066 2787 1118 2856 0444
1139 2789 1313 2860 444444444444
1326 2803 1381 2845 44444
1404 2791 1759 2851 44444444441444444444444444
1793 2841 1803 2863 .

127 2898 173 2946 022
186 2889 215 2943 4,,
231 2887 285 2944 pp,
297 2886 400 2944 duobus
414 2887 581 2959 praemisse
591 2887 724 2954 germanie
735 2904 742 2940 2
755 2887 835 2943 44444
847 2887 920 2943 scili.
970 2876 1096 2941 tirmitate
1123 2878 1151 2933 in
1173 2879 1244 2934 rasis
1262 2878 1453 2934 misericordiae
1466 2895 1521 2935 non
1533 2879 1585 2936 nisi
1598 2882 1692 2950 4444444
1705 2898 1761 2939 sure

123 2976 859 3055 ·44444444414,414444444444444444.4444444444
875 2978 919 3034 isti
968 2967 1103 3038 4444444444
1117 2967 1227 3035 44444444,
1251 2968 1323 3038 4144444
1336 2983 1352 3022 4
1366 2983 1396 3024 44
1410 2978 1523 3026 44044444
1536 2979 1591 3026 44444
1605 2972 1634 3028 444
1652 2973 1758 3029 meritis

130 3068 233 3139 „ppulo
246 3068 287 3123 310
308 3067 380 3123 44444
404 3074 447 3134 qap
459 3081 508 3137 pm
522 3066 650 3137 operibus
669 3066 782 3132 44444444,
795 3066 865 3125 sicne
877 3075 919 3124 oer
969 3073 1125 3124 munecius,
1145 3072 1225 3128 qnam
1244 3060 1270 3114 in
1290 3061 1447 3116 meritorum
1466 3062 1622 3119 muneribus
1640 3063 1759 3135 largien-

129 3158 210 3214 444444
222 3156 408 3228 proriperibns
421 3156 610 3212 condemnatio
626 3155 773 3220 retributa;
792 3155 919 3213 4441444444
931 3173 954 3234 ς
971 3147 1046 3204 dum.
1055 3148 1114 3219 lpse
1125 3150 1196 3205 enirn
1210 3157 1238 3206 44
1251 3150 1395 3219 gratuitam
1409 3152 1540 3209 uoluntati
1555 3153 1762 3213 hnmanaebeui·

127 3246 205 3316 quod
215 3261 271 3303 nun
284 3246 438 3302 merebatur
450 3246 554 3317 accepit
566 3247 660 3315 gratiae
673 3246 799 3303 4414444444
808 3246 923 3327 donum,
971 3248 1055 3297 4414444
1069 3241 1164 3310 donet,
1186 3241 1323 3298 4414444444
1347 3244 1510 3300 voluntatem
1530 3245 1558 3300 in
1571 3248 1697 3317 operibeu
1711 3249 1761 3305 ad·

128 3340 203 3395 alter
215 3338 495 3395 comodummarimm
510 3336 700 3408 receptricem
719 3336 921 3393 condemnatio-
967 3330 1054 3400 juvat.
1073 3329 1133 3402 lpse
1148 3332 1230 3387 etiam
1243 3332 1270 3386 iu
1284 3332 1354 3387 rasis
1368 3333 1415 3389 irre
1429 3334 1473 3389 ilia
1496 3337 1631 3404 prescivit
1652 3338 1760 3395 malitiae

121 3430 173 3484 uis
184 3427 333 3497 interitum
340 3425 374 3481 144
389 3442 443 3482 uno
455 3426 623 3482 merimsunt
634 3426 834 3482 damnationis*
827 3442 921 3482 rnven·
969 3421 1093 3477 humane
1120 3437 1204 3492 opera
1216 3435 1277 3491 quae
1290 3433 1383 3478 essent
1403 3423 1429 3477 in
1451 3422 1548 3480 ellectu
1562 3440 1637 3496 proc
1631 3427 1655 3481 l
1678 3427 1760 3484 dubio

121 3529 174 3584 ta,
188 3517 270 3575 atteri
285 3532 348 3573 nero
369 3517 466 3572 merita
487 3516 689 3586 glorificationis
712 3517 830 3586 gratuita
856 3525 921 3572 444444
969 3519 1107 3565 secutura

122 3608 320 3677 iustificatione
340 3608 449 3664 coliata.
463 3607 511 3663 1114
531 3608 602 3664 unde
618 3608 794 3678 displiceret
787 3623 814 3665 444
828 3625 857 3664 se
871 3609 920 3664 1444·
976 3599 1049 3654 45
1064 3599 1218 3657 &cundum
1231 3608 1333 3659 44444444
1348 3602 1439 3671 itaque
1451 3601 1529 3658 4444444
1543 3619 1576 3661 44
1588 3572 1758 3678 1444444444ῐῦ

125 3696 206 3761 pant
227 3695 382 3751 intepentem
397 3696 536 3751 44444444
550 3695 670 3765 placaret
691 3696 756 3751 ab
749 3698 921 3767 4444444444.
968 3690 1120 3756 veritatem,
1147 3691 1220 3762 quod
1235 3691 1332 3748 attinet
1345 3692 1379 3748 ad
1392 3694 1533 3763 parvulum
1547 3697 1592 3765 qut
1603 3713 1662 3754 erne
1675 3698 1757 3756 bene-

125 3795 172 3843 ,ep
185 3786 336 3856 placiturus
348 3786 463 3857 nemppe,
488 3785 518 3839 111
529 3786 671 3842 omnibus
664 3787 743 3856 ,girus
759 3787 805 3856 qui
818 3787 921 3849 gehen.
969 3778 1031 3836 licio
1043 3780 1166 3837 secundae
1179 3782 1326 3845 nativitatis
1338 3782 1403 3839 bule
1416 3783 1478 3840 ritae
1491 3786 1672 3853 subtrabitur,
1688 3790 1758 3846 sicut

101 3885 107 3893 ’
125 3875 183 3930 nali
194 3873 499 3945 uadunturtincendio
517 3875 697 3945 intenitjusta
707 3876 920 3946 serentasqnod
967 3871 1108 3941 4444444444
1121 3869 1259 3928 fatendum
1273 3881 1315 3930 est
1329 3873 1412 3930 Deum
1435 3876 1537 3945 parvuli
1551 3876 1667 3934 loturam
1685 3897 1758 3937 rnor-

122 3966 225 4035 puoiat
240 3967 365 4023 aneritum
379 3966 477 4021 maium
494 3976 523 4030 4,
539 3967 566 4021 in
580 3966 739 4036 quibusdam
754 3965 920 4036 originaliter
968 3967 1033 4026 tem,
1047 3975 1107 4030 qnae
1121 3961 1286 4021 4444144444
1299 3972 1369 4032 erat,
1383 3964 1423 4019 sie
1434 3965 1550 4022 absurde
1562 3968 1661 4025 dicitnr
1672 3965 1758 4047 14444444

123 4063 255 4125 anctum,
270 4056 296 4110 in
309 4055 467 4125 quibusdam
479 4056 919 4129 etiamvitioproprieroinntatis
968 4051 1107 4119 4444444444
1128 4052 1234 4122 parvuli
1253 4052 1343 4108 lutura
1357 4065 1485 4125 peccata,
1510 4071 1569 4126 queo
1593 4057 1681 4116 lutura
1703 4077 1758 4118 444

122 4143 273 4215 adjectum.
289 4144 416 4215 Exceptis
430 4146 503 4201 enim
517 4146 646 4217 parvulis,
661 4146 759 4216 quibus
769 4146 803 4202 ad
816 4147 918 4217 4114444-
968 4150 1054 4198 erant.
1068 4141 1161 4213 Neque
1175 4145 1247 4199 enim
1260 4144 1332 4201 144444
1344 4160 1434 4202 rerum
1447 4148 1566 4204 omnium
1577 4149 1702 4208 conditor
1715 4152 1757 4208 ia·

125 4238 188 4309 daun
207 4236 339 4306 iustitiam
356 4235 563 4307 fugiendumque
583 4246 724 4308 peceatum
738 4238 853 4317 necdum
865 4253 916 4311 po·
967 4233 1060 4289 cienda
1074 4235 1235 4305 praescisset,
1249 4251 1310 4307 quae
1331 4236 1452 4293 iacienda
1467 4254 1521 4296 non
1535 4250 1636 4297 essent
1651 4242 1758 4303 Scimus

127 4336 252 4389 ustesse
271 4327 386 4383 liberum
400 4327 546 4384 voluntatis
557 4327 707 4394 arbitrium,
722 4328 785 4399 quia
796 4327 824 4382 iu
837 4336 917 4384 aetate
968 4341 1084 4397 naotqne
1098 4328 1295 4397 praescientiam
1309 4328 1358 4385 1444
1378 4331 1418 4389 ste
1429 4346 1490 4387 csse
1508 4348 1599 4389 veram
1610 4343 1701 4404 -atqne
1716 4337 1757 4393 in-

126 4428 222 4475 tenera
235 4427 325 4488 torpet
342 4419 412 4475 ratio
424 4419 583 4489 consopita,
598 4418 688 4493 4444444
701 4418 747 4489 qui
760 4419 865 4474 ratione
877 4419 917 4474 uti
967 4417 1196 4483 commutabilem,
1211 4426 1242 4473 ut
1263 4433 1323 4490 quar
1337 4417 1426 4474 lutura
1447 4423 1565 4491 prescit,
1585 4438 1648 4477 vere
1666 4424 1756 4481 lutura

126 4516 251 4578 4444444444,
264 4508 369 4578 adjecto
387 4516 463 4565 reatu
477 4509 594 4580 proprie
607 4509 765 4574 voluntatis,
780 4519 830 4593 aut
836 4509 870 4563 ad
883 4507 916 4563 14·
930 4526 954 4585 1)
967 4507 1037 4572 44444;
1060 4522 1111 4564 nec
1131 4508 1233 4577 aliquid
1253 4510 1404 4565 laciendum
1424 4512 1546 4581 praesciat
1559 4514 1631 4581 quod
1645 4530 1698 4569 non
1712 4531 1755 4571 44-

125 4602 187 4658 dem
202 4617 256 4658 nun
269 4602 409 4668 accedunt,
428 4613 475 4659 aut
494 4619 510 4658 a
534 4604 585 4659 ilde
598 4603 747 4659 discedunt.
764 4600 799 4657 114
823 4609 913 4657 autern
966 4597 1082 4653 eundum
1095 4599 1290 4669 prescientiam
1304 4599 1363 4669 ejus
1380 4602 1436 4657 liat.
1452 4601 1553 4658 Futura
1566 4619 1632 4659 vero
1650 4606 1707 4661 sula
1726 4608 1754 4661 in

126 4689 244 4761 iiatqnis
251 4691 340 4761 iustm
351 4707 385 4748 er
396 4693 488 4765 impio,
507 4694 611 4767 amicus
622 4693 668 4749 1444
683 4708 718 4748 44
729 4692 847 4757 inimico,
863 4691 912 4745 ab·
963 4700 994 4742 se
1007 4695 1136 4743 creature
1149 4689 1314 4763 4444414414444
1325 4690 1432 4761 recipit,
1448 4706 1509 4761 quae
1523 4693 1549 4747 in
1563 4694 1697 4751 Creatoris
1711 4698 1753 4751 in·

120 4781 231 4837 solutus
241 4797 277 4838 ex
289 4797 347 4851 reo,
362 4798 548 4861 quamcunque
572 4793 635 4853 agat
658 4782 781 4853 eorporis
795 4789 913 4850 etatem,
964 4780 1230 4839 commutabilitatem
1250 4781 1404 4837 nuliatenus
1421 4780 1503 4838 cadit.
1527 4783 1672 4856 Propterea
1695 4787 1752 4843 Deo

119 4872 158 4929 ab
186 4871 248 4943 ipso
261 4873 410 4930 natiuitatis
424 4881 617 4945 exortuusque
632 4873 666 4927 ad
691 4872 854 4942 decrepitam
868 4885 913 4927 se·
965 4873 1032 4928 nibil
1045 4881 1087 4929 est
1095 4873 1260 4944 preteritum
1273 4874 1318 4929 tel
1330 4874 1459 4944 loturum,
1474 4877 1517 4933 cni
1530 4877 1570 4934 sic
1582 4880 1670 4935 omnia
1684 4896 1753 4952 prae-
1858 4926 1863 4935 .

118 4968 273 5027 pectinem,
286 4976 364 5017 nenne
380 4960 571 5031 justificatione
585 4962 721 5018 invenitur
745 4961 851 5029 dignus,
865 4961 913 5017 sed
963 4960 1051 5017 sentia
1065 4970 1127 5018 sunt
1140 4975 1200 5032 quar
1213 4961 1334 5019 iacienda
1348 4965 1464 5034 praescit,
1481 4975 1511 5022 ut
1523 4977 1666 5040 postquam
1680 4968 1750 5028 laeta

117 5050 240 5119 gratuita
254 5050 375 5107 bonitate
385 5051 548 5122 instilicatur
558 5051 700 5123 indignus3
715 5066 766 5108 nee
775 5051 809 5107 de
819 5059 912 5122 potes·
963 5049 1081 5115 lueritrt,
1108 5052 1243 5122 preterita
1265 5053 1291 5109 ei
1316 5053 1526 5127 (41.144444444
1548 5061 1749 5135 nonpossint:

117 5147 182 5194 tate
193 5139 364 5197 tenebrarum
377 5143 500 5213 eripitur,
514 5151 542 5200 44
561 5144 589 5199 in
603 5157 715 5214 4444444444
730 5142 776 5200 11144
788 5143 911 5201 4141444444·
963 5144 1091 5213 qnoniam
1105 5144 1174 5200 414444
1186 5145 1262 5201 norit
1276 5145 1429 5216 preterita,
1452 5147 1492 5205 sie
1506 5150 1589 5207 norit
1601 5159 1630 5207 et
1648 5150 1747 5209 lutura.

116 5230 165 5284 nis
182 5227 230 5285 bei
242 5231 418 5300 transfertur,
430 5234 480 5289 uisi
492 5249 572 5304 quem
587 5234 716 5290 Dominus
725 5235 841 5304 gratuito
854 5235 912 5303 qlo-
963 5232 1217 5304 Qireeunqueeoim
1227 5248 1287 5290 eum
1300 5243 1421 5306 tempore
1433 5243 1608 5295 mutanturet
1620 5239 1667 5311 (ut.
1691 5242 1748 5311 ant)

115 5321 171 5374 rm
181 5317 304 5388 4114444444
316 5321 397 5379 inerit
407 5338 520 5380 munere
530 5325 694 5394 prevenire,
706 5325 752 5396 qui
766 5325 849 5396 gratis
859 5326 913 5383 sal·
962 5332 1121 5390 transeunt,
1144 5323 1171 5379 in
1192 5323 1251 5392 eim
1264 5321 1274 5361 4
1295 5325 1449 5393 cognitione
1462 5328 1521 5384 sine
1534 5331 1662 5402 temporis
1675 5339 1748 5388 44444·

116 5415 181 5473 vat,
194 5408 305 5477 etinste
317 5412 486 5467 condemnat.
503 5411 654 5469 llieerieors
672 5412 800 5469 1444444444
813 5412 910 5483 444444-
961 5414 1015 5470 situ
1031 5429 1064 5470 ac
1076 5412 1255 5469 mutabilitate
1276 5414 1435 5473 coruistnnt.
1460 5417 1560 5474 ilerum
1582 5429 1671 5477 autem
1692 5439 1746 5479 non

116 5506 166 5552 tus
193 5496 358 5554 volumtatem
381 5514 508 5569 pravam,
520 5515 601 5571 quam
623 5516 677 5556 non
700 5500 910 5559 misericorditer
959 5519 1053 5561 earum
1066 5518 1126 5575 qnae
1139 5504 1234 5560 lutura>
1246 5518 1302 5561 non
1313 5514 1386 5576 sunt,
1401 5507 1447 5564 sed
1462 5524 1521 5581 qne
1532 5509 1658 5568 faciende
1671 5522 1744 5581 suun,

155 5661 171 5688 ¹
186 5651 262 5734 4144..
277 5654 458 5711 damnabiliter
466 5658 587 5712 uiuerent.
997 5656 1165 5728 4114441444,
1180 5663 1322 5720 trudentur

156 5722 868 5784 4·14141.4444414414444414444444444.414441444144144444.
998 5728 1101 5792 itud..
1113 5748 1201 5786 eoram
1214 5734 1322 5801 mulum
1335 5747 1412 5816 44444..
1427 5738 1659 5793 4444444441444

161 5803 174 5829 4
191 5790 254 5846 ilas.
269 5792 429 5867 adnepotis
443 5795 523 5850 donat
746 5842 755 5853 .
999 5797 1069 5855 4114
1087 5816 1163 5869 unus,
1179 5812 1269 5858 cauete
1278 5805 1306 5859 in
1315 5804 1382 5874 «jae,
1395 5814 1449 5862 etc.
