4106 6330
168 378 209 433 al
896 379 1083 438 SERMONSS.
1615 324 1624 345 κ
1761 380 1797 438 98

173 493 237 547 liter
250 491 384 560 Virginem
395 494 481 550 virtus
494 493 622 551 ditissimi
640 497 826 563 obumbravit,
848 497 963 568 qualiter
977 496 1003 556 Α
1015 496 1060 550 tris
1071 496 1117 548 mi.
1133 495 1155 549 b
1169 510 1262 551 rocem
1276 495 1423 565 angelicam
1438 495 1545 565 plenam
1558 493 1698 550 suavitatis
1709 502 1737 549 et
1751 494 1798 548 lae·

173 585 402 640 incontrectabilis
420 585 491 642 Deus
512 587 690 656 dignatusest
705 589 887 653 contrectari,
915 587 963 657 qui
1012 588 1095 641 titiae!
1120 588 1186 643 Cum
1202 589 1272 643 enirn
1284 589 1367 653 dixit,
1384 591 1451 652 Ace,
1478 588 1585 651 Mona,
1609 587 1798 643 salutationem

171 686 354 731 esteternum
369 677 457 733 lumen
471 678 543 746 quod
561 679 692 733 illuminat
706 684 812 735 omnem
826 679 962 733 hominem
1012 666 1148 732 coelcstem
1162 677 1264 746 Virgini
1277 678 1407 734 exhibuit.
1424 677 1492 733 Cum
1509 686 1598 732 autem
1614 676 1690 737 dixit,
1706 660 1799 731 Gratia

171 768 328 822 uenientem
337 768 369 822 iu
389 769 459 824 huuc
475 767 613 824 muudum.
626 767 699 845 'Hac
711 776 754 825 est
766 769 823 825 dies
836 769 963 824 solemnis
1011 769 1103 841 pleon,
1119 768 1235 825 ostendit
1250 771 1385 825 exclusam
1395 784 1455 825 esse
1469 771 1541 825 illam
1554 770 1715 825 sententiam
1726 796 1736 831 ‚·
1749 783 1799 839 per

170 872 235 926 qun
254 874 304 912 nos
317 858 351 912 de
364 859 441 912 terris
454 857 489 911 ad
502 873 615 929 superna
638 859 743 923 extollit
765 868 793 914 et
809 860 917 939 elevat,
931 872 963 913 ac
1012 873 1092 928 quam
1105 860 1184 930 primi
1199 870 1323 931 parentes
1335 862 1413 930 longe
1427 877 1442 915 a
1454 861 1509 916 beo
1521 861 1584 917 iacti
1597 867 1668 926 sunt,
1681 867 1709 915 et
1721 860 1799 914 resti·

170 963 256 1018 super
269 948 353 1016 coelos
366 948 495 1003 ooelorum
506 947 655 1004 honorillee
666 948 813 1015 sublimat,
844 954 875 1004 ut
886 948 963 1004 vobis
1013 957 1102 1004 tutam
1119 966 1241 1020 supernae
1256 951 1450 1013 benedictionis
1463 951 1592 1021 gratiam,
1613 965 1752 1021 perquam
1767 950 1800 1005 li-

172 1052 293 1107 prusens
311 1041 400 1091 sermo
420 1037 578 1093 declarabit.
610 1036 704 1107 cheto
722 1038 854 1109 siquidem
875 1039 963 1109 primo
1012 1038 1099 1093 berall
1118 1055 1132 1093 a
1154 1041 1284 1096 servitute
1304 1042 1372 1095 iutra
1391 1041 1543 1111 paradisum
1564 1041 1707 1097 introducti
1725 1048 1797 1097 eunt.

172 1130 286 1184 bomine
308 1145 358 1200 per
378 1129 478 1197 lignum
499 1130 617 1185 scientim
638 1130 782 1187 abomino
803 1132 915 1186 vetitum
935 1139 964 1186 et
1012 1125 1080 1182 Gom
1097 1136 1186 1183 autern
1206 1130 1336 1200 protulit:
1363 1130 1500 1185 benedicto
1514 1141 1541 1185 tu
1551 1133 1579 1185 in
1592 1132 1758 1194 rmtlierilma,
1774 1138 1799 1187 et

171 1222 322 1289 incongrue
336 1228 480 1288 gaulalum,
496 1220 598 1276 fallacia
613 1221 763 1276 damonum
780 1222 902 1277 homines
915 1236 964 1292 per
1012 1217 1157 1273 benedictus
1177 1222 1275 1291 [ructare
1284 1223 1389 1275 menime
1410 1222 1465 1285 tui,
1490 1240 1543 1277 non
1568 1232 1669 1278 tantum
1684 1224 1799 1279 fructum

173 1313 317 1367 illecebras
328 1312 454 1366 uitiorum
471 1322 592 1367 errantes
605 1310 728 1383 decepit,
749 1313 907 1383 decipiendo
921 1328 963 1368 ca·
1013 1309 1114 1363 velitris
1128 1308 1185 1377 ejus
1198 1309 1367 1365 benedictum
1382 1313 1523 1380 expressit,
1539 1312 1587 1368 sed
1597 1314 1716 1368 omnium
1730 1328 1811 1383 qum.

173 1403 298 1473 ptivarit,
310 1409 338 1456 et
352 1401 513 1472 captivando
527 1403 553 1457 in
566 1402 691 1457 tenebras
701 1405 848 1458 exteriores
857 1402 963 1457 denter·
1012 1412 1119 1466 cuuoue
1141 1406 1284 1469 sequentes
1304 1399 1415 1454 blariam
1436 1401 1573 1470 Virginem
1594 1403 1622 1456 ιιι
1645 1403 1800 1471 virginitate

172 1495 217 1549 sit
247 1494 285 1548 lbi
303 1495 381 1549 lletus
401 1502 429 1549 et
448 1493 547 1549 stridor
562 1494 680 1549 dentium
696 1495 822 1563 auditur,
846 1503 962 1551 testante
1013 1491 1217 1558 permanserim.
1234 1488 1255 1544 0
1270 1490 1351 1560 Virgo
1368 1491 1526 1561 benedicta,
1542 1508 1559 1547 o
1573 1491 1654 1564 lirgo
1668 1509 1683 1548 a
1697 1492 1801 1552 mondi-

173 1584 300 1639 Domino.
333 1583 399 1639 Cum
417 1584 488 1639 euim
503 1585 586 1653 gloria
602 1584 700 1640 diaboli
721 1586 864 1640 excitasset
882 1587 964 1640 ambi·
1014 1588 1072 1634 ιθῐθ
1087 1580 1178 1634 mundi
1193 1581 1345 1650 belilesslal
1367 1582 1442 1637 illum
1460 1582 1506 1651 otri
1521 1583 1684 1638 ³⁰200¹¹¹¹¹i³
1704 1584 1801 1639 &willa

174 1678 288 1744 tionem,
303 1676 414 1732 ambitio
428 1685 602 1747 provocasset
614 1676 756 1740 invidiam,
771 1690 854 1746 genus
866 1677 963 1732 huma·
1013 1669 1118 1738 genitus
1132 1677 1183 1732 esi.
1195 1671 1295 1739 absbue
1306 1677 1390 1727 multe
1400 1672 1434 1727 ab
1443 1679 1544 1728 aterno
1556 1673 1642 1737 Patre.
1654 1673 1800 1743 concipies,

173 1784 239 1823 num
251 1767 285 1823 de
300 1767 378 1822 terris
391 1766 425 1821 ad
439 1767 523 1823 coelos
536 1767 672 1823 transferri
686 1767 805 1823 dolebat.
820 1768 886 1823 Nam
900 1769 962 1838 quia
1015 1770 1102 1816 mater
1123 1760 1218 1816 effecta
1237 1762 1339 1833 absque
1358 1764 1470 1834 alicujus
1487 1765 1539 1819 viri
1557 1764 1737 1835 cupublioue.
1762 1763 1803 1820 lbi

172 1859 363 1915 miserabiliter
375 1857 533 1925 decideram,
558 1860 684 1915 solatium
705 1875 759 1915 auce
780 1861 893 1917 miseriae
912 1862 963 1916 sibi
978 1847 1002 1907 B
1017 1858 1087 1912 enim
1102 1858 1221 1914 auricula
1237 1875 1304 1913 uuor
1314 1859 1376 1922 luit,
1393 1860 1528 1929 angelicus
1546 1867 1634 1914 autem
1647 1874 1736 1914 sermo
1749 1873 1804 1912 ma-

173 1964 224 2020 per
239 1949 291 2004 hoc
304 1945 445 2003 inserebat.
460 1946 639 2003 considerans
653 1948 734 2018 igitur
745 1948 824 2005 l‘ater
834 1949 964 2019 perditio·
1014 1946 1082 2001 ritus
1096 1948 1206 2001 exstitit.
1228 1947 1309 2016 Virgo
1323 1948 1476 2018 concipies,
1492 1958 1521 2003 et
1533 1955 1595 2019 post
1607 1956 1713 2018 partum
1727 1948 1802 2016 virro
1824 1982 1826 1986 ,

172 2054 236 2095 nem
247 2039 357 2094 humani
367 2039 471 2107 generis
481 2053 530 2109 per
538 2039 671 2109 serpentis
681 2038 820 2104 fallacinm,
837 2041 965 2095 mrrrrdunt
1015 2038 1205 2108 permanebis,
1230 2048 1257 2094 et
1271 2039 1291 2093 F
1293 2039 1353 2095 ilius
1370 2040 1417 2095 liei
1435 2040 1461 2094 io
1479 2049 1505 2095 te
1523 2038 1688 2108 descendet,
1713 2046 1743 2094 ut
1756 2040 1803 2107 qui

173 2128 290 2184 liberare
306 2128 485 2198 dignatusest
501 2144 548 2198 per
560 2129 687 2198 unigeniti
702 2129 761 2185 Filii
776 2130 817 2186 sui
839 2131 964 2187 itrcarua·
1005 2148 1173 2188 ascensurus
1187 2141 1246 2188 erat
1257 2149 1317 2189 cum
1327 2133 1504 2189 sublimitatis
1518 2131 1639 2203 potentia
1652 2139 1680 2187 et
1693 2131 1803 2187 clarlta·

173 2218 289 2287 tionem,
303 2227 333 2273 ut
342 2220 468 2288 quoniam
479 2218 576 2274 lerniua
586 2235 633 2290 per
642 2221 858 2278 exhortationem
864 2222 965 2279 daemc·
1016 2223 1050 2279 tis
1064 2238 1119 2289 suae
1133 2223 1216 2292 gloria
1230 2224 1263 2280 ad
1278 2223 1430 2286 Orientem,
1446 2232 1585 2279 convertat
1598 2224 1711 2293 gratiam
1724 2222 1804 2292 maje-

174 2309 217 2363 nis
230 2308 318 2377 eiecta
330 2318 389 2387 erat
402 2310 435 2364 de
448 2310 555 2365 sedibus
568 2310 697 2381 paradisi,
713 2327 762 2382 per
775 2313 965 2369 salutationem
1006 2312 1092 2368 statis
1102 2328 1156 2368 suae
1170 2313 1203 2368 ad
1217 2311 1398 2369 Occidentem.
1418 2313 1476 2369 Non
1491 2324 1517 2369 tc
1532 2313 1676 2370 confundat
1686 2313 1803 2381 auditus,

173 2399 263 2468 angeli
285 2399 398 2469 gloriam
420 2408 569 2456 mercretur
590 2403 715 2473 excipere
746 2404 962 2460 immortalitatis.
1016 2420 1070 2459 noo
1080 2406 1218 2475 perturbet
1228 2412 1383 2475 conceptos.
1395 2404 1452 2459 Non
1463 2413 1504 2461 est
1513 2406 1584 2460 enim
1597 2406 1647 2461 iste
1659 2410 1804 2475 cotteeptus

173 2490 287 2561 Derepit
296 2489 380 2561 livam
394 2491 546 2548 exhortatio
556 2491 666 2558 inimici,
681 2484 842 2549 confortavit
853 2495 964 2552 blaciam
1016 2496 1172 2563 necessitas,
1188 2495 1235 2551 sed
1245 2494 1293 2551 Dei
1308 2488 1501 2551 inaestimabilis
1515 2504 1643 2565 potestas.
1668 2494 1804 2549 Vestietur

176 2583 303 2638 salutatio
325 2582 477 2638 Gabrielisr
493 2582 603 2640 Nuntiat
623 2587 732 2653 augelus
752 2595 782 2641 ut
795 2586 897 2643 lallaeiu
912 2590 967 2644 dia·
1016 2601 1107 2651 carue,
1122 2587 1189 2640 etin
1203 2593 1250 2640 tuo
1263 2586 1384 2654 virginali
1399 2593 1477 2641 utero
1491 2600 1520 2640 se
1530 2584 1666 2652 recondet,
1680 2594 1708 2639 et
1720 2584 1804 2640 Filius

178 2673 236 2728 boli
249 2673 400 2728 destruatur
413 2691 420 2727 ε
435 2674 609 2730 obumbratur
623 2675 703 2745 Virgo
716 2677 815 2732 virtute
825 2678 964 2747 Altissiml,
1016 2675 1063 2731 bei
1079 2675 1148 2729 illius
1161 2675 1277 2730 hominis
1291 2689 1350 2729 esse
1372 2675 1493 2745 incipiet,
1517 2690 1677 2746 permanens
1696 2688 1804 2746 semper

179 2763 318 2819 nunuante
329 2765 448 2831 arrgelo,
471 2774 500 2819 ut
521 2765 618 2820 temina
641 2775 780 2836 reparetur
798 2766 853 2836 jann
867 2768 965 2823 dudum
1015 2763 1087 2835 qttod
1102 2772 1169 2819 erat.
1189 2763 1435 2820 incommutabilem
1449 2765 1646 2834 namqueillum
1657 2765 1802 2830 credimus,

178 2852 291 2923 decepta
305 2854 437 2909 aSataune
452 2856 555 2911 nuntio.
576 2856 786 2928 incorruptibilis
797 2857 872 2914 licus
885 2875 966 2916 carue
1015 2855 1064 2912 scd
1076 2855 1285 2911 misericorditer
1299 2867 1437 2910 assumens
1451 2855 1522 2925 quod
1537 2871 1590 2911 oon
1603 2863 1674 2917 erat,
1692 2862 1721 2909 ut
1735 2856 1805 2911 inte

176 2959 225 2999 ves
237 2945 291 2998 itur
314 2952 342 2999 et
356 2944 515 3010 descendit,
536 2952 565 2999 ut
579 2961 627 3016 per
641 2946 709 3001 hane
722 2947 868 3003 secundum
883 2948 967 3004 homi·
1016 2947 1207 3018 comprehendi
1220 2947 1324 3017 possit,
1348 2961 1427 3015 quem
1442 2954 1515 3003 totus
1531 2947 1604 3004 orbis
1617 2946 1736 3016 bajulare
1750 2961 1806 3004 nott

174 3034 585 3095 nentlesumascenderetvetus
598 3037 691 3106 homo,
702 3039 756 3107 qui,
772 3038 859 3095 lructn
874 3040 967 3095 incon·
1016 3041 1114 3110 potuit.
1138 3037 1272 3093 Perbunc
1283 3046 1443 3108 conceptum
1461 3053 1515 3093 non
1530 3037 1708 3092 minorabitur
1722 3037 1807 3105 virgi·

173 3134 383 3196 praegustato,
399 3129 431 3179 ad
447 3127 515 3182 hane
529 3126 663 3182 miseriam
677 3136 705 3184 et
717 3128 868 3184 convallem
882 3129 967 3202 laery·
1018 3133 1085 3187 nalis
1099 3132 1227 3196 castitas,
1247 3130 1294 3185 sed
1307 3130 1393 3198 tnagis
1406 3130 1432 3184 iu
1450 3137 1477 3185 te
1490 3130 1660 3200 ampliabitur
1673 3129 1804 3185 castitatis

174 3233 281 3272 marum
303 3216 421 3278 devenit.
442 3216 549 3286 teratu
568 3233 684 3288 namque
703 3220 849 3290 quodcum
869 3213 1000 3276 mulierC
1017 3222 1165 3291 integritas.
1178 3220 1264 3276 Mater
1279 3219 1432 3277 Cotiditoris
1444 3219 1513 3275 iacta
1527 3236 1566 3286 es,
1581 3235 1642 3276 eum
1661 3221 1717 3291 lpse
1733 3228 1805 3277 esset

175 3306 329 3377 decepisset
343 3307 429 3361 virum
442 3322 534 3372 suum,
549 3306 648 3363 dictum
659 3309 693 3365 sit
707 3310 732 3364 ei
746 3325 761 3363 a
774 3309 906 3365 Domino:
931 3310 965 3365 ln
1017 3312 1087 3384 apud
1100 3311 1206 3369 Patrem
1219 3330 1226 3365 ι
1240 3321 1267 3367 et
1280 3328 1341 3368 cum
1354 3322 1510 3367 nasceretur
1526 3327 1558 3366 en
1570 3321 1596 3368 te
1610 3308 1694 3366 blatre
1707 3312 1805 3366 mansit

176 3398 361 3469 doloreport'ec
374 3398 453 3469 filios,
469 3410 494 3453 et
507 3398 542 3451 nd
555 3399 637 3453 cirum
652 3401 784 3454 conversio
795 3408 858 3466 tou,
873 3411 897 3454 et
912 3403 967 3471 ipse
1017 3406 1087 3475 apud
1104 3408 1218 3460 latrem.
1238 3404 1351 3475 Sentper
1363 3405 1434 3460 euim
1446 3421 1506 3459 cum
1522 3405 1609 3469 Patre,
1625 3406 1805 3474 qttiaabsquc

176 3489 354 3544 dominabitur
376 3491 422 3544 ιιι.
455 3488 517 3546 ιιιεε
546 3491 597 3545 tria
626 3490 796 3547 incommoda
817 3491 965 3562 patiuntur,
1017 3496 1166 3567 principio,
1197 3495 1351 3550 nonhabet
1374 3496 1478 3549 initium
1504 3496 1661 3564 temporale.
1692 3495 1806 3567 Semper

176 3594 346 3650 quaecunque
356 3578 444 3634 liariae
459 3579 638 3648 virginitatem
651 3597 704 3635 uon
719 3581 874 3637 imitantur:
895 3597 927 3638 ae
943 3582 967 3636 ιι
1018 3588 1090 3642 enim
1104 3600 1164 3643 cum
1179 3585 1269 3654 Patre,
1282 3586 1328 3656 orti
1340 3594 1478 3657 permanet
1492 3587 1593 3656 absque
1608 3586 1683 3640 initio
1698 3595 1726 3641 et
1740 3587 1802 3653 bne.

175 3673 202 3726 ei
216 3671 349 3726 bonitius
359 3670 474 3725 diceret:
490 3668 603 3737 Quando
617 3671 652 3751 ad
666 3671 752 3725 virum
765 3672 905 3728 conversio
921 3680 966 3727 tua
1018 3674 1102 3731 Facta
1124 3690 1153 3731 ea
1172 3674 1244 3730 scala
1267 3675 1402 3739 caelestis,
1428 3674 1501 3744 virga
1516 3673 1606 3730 Aaron
1628 3686 1683 3743 prce
1699 3675 1805 3730 mrem

177 3766 238 3832 erit,
254 3765 378 3821 servituti
392 3765 463 3819 illius
474 3764 634 3833 subjicieris3
648 3779 710 3819 cum
725 3771 813 3819 autem
822 3766 966 3838 parturies,
1017 3764 1152 3828 floruisti,-
1171 3763 1197 3818 id
1211 3771 1252 3819 est
1267 3779 1322 3835 pru
1334 3764 1438 3819 caetcrls
1451 3764 1603 3832 virginitate
1620 3763 1699 3831 digna
1712 3764 1805 3834 splen·

177 3855 279 3911 doloris
293 3863 322 3910 et
337 3855 451 3911 tristitie
470 3852 632 3911 detrimenta
645 3854 763 3925 patieris.
789 3853 852 3911 lhec
876 3862 967 3910 autem
1017 3855 1119 3912 duistia,
1130 3854 1211 3911 Facta
1225 3870 1255 3910 es
1276 3855 1347 3911 scala
1366 3854 1396 3909 iu
1417 3869 1497 3925 quam
1511 3855 1596 3924 gloria
1615 3854 1733 3912 coelest'is
1752 3855 1804 3912 de·

177 3949 227 4002 tria
242 3947 448 4003 excluduntura
466 3948 594 4005 felicitate
605 3946 722 4017 virgulis
734 3947 844 4016 llarioc,
869 3956 897 4005 et
913 3964 967 4006 uon
992 3976 994 3981 >
1017 3945 1122 4004 scendit
1132 3945 1169 4001 ad
1182 3946 1317 4010 inferiora,
1328 3946 1606 4017 quamrmshumilitas
1620 3945 1654 4001 ud
1665 3945 1726 4002 coeli
1739 3946 1805 4002 sub-
1826 3978 1828 3981 -

177 4048 281 4094 mittunt
298 4039 335 4101 ,ab
350 4039 406 4109 ipsa
421 4039 547 4110 Virgine,
561 4039 607 4098 sed
620 4039 654 4095 ab
666 4040 790 4096 omuibus
803 4055 968 4110 quaecunque
1017 4040 1162 4096 veheretur
1180 4036 1286 4092 altiora.
1309 4034 1331 4091 0
1351 4052 1420 4093 nova
1441 4046 1469 4093 et
1488 4036 1606 4093 inaudita
1629 4035 1803 4106 coniuractiol

176 4145 253 4186 suana
269 4130 379 4186 Christo
392 4130 547 4186 devoverint
560 4131 751 4199 virginitatem.
765 4130 861 4186 Venite
875 4132 966 4200 igitur,
1009 4130 1040 4185 .0
1054 4129 1195 4200 ineffabilis
1207 4138 1235 4184 et
1250 4129 1369 4184 miranda
1384 4129 1522 4201 permistio
1534 4129 1541 4182 l
1566 4128 1616 4195 Qui
1631 4129 1703 4183 enim
1715 4129 1806 4184 omnia

177 4221 315 4290 virgines,
335 4236 396 4291 oum
414 4219 515 4290 Virgini
528 4208 708 4289 virginitatem
726 4221 849 4284 vovetis,
871 4230 967 4277 vovete
981 4252 984 4259 .
1018 4238 1052 4279 ex
1067 4222 1151 4278 nihilo
1163 4230 1321 4289 creaverat,
1338 4231 1461 4287 creatur;
1486 4222 1531 4290 qui
1545 4220 1605 4291 capi
1620 4236 1673 4275 non
1688 4227 1805 4291 poterat,

179 4309 280 4379 Virgini
291 4312 414 4381 corporis
426 4312 621 4380 integritatem,
637 4328 696 4382 ortae
711 4312 824 4367 Domino
838 4312 966 4367 illibatam
1018 4312 1271 4384 comprehenditur;
1290 4313 1334 4382 qui
1349 4326 1443 4367 omnes
1459 4311 1559 4365 divitiis
1577 4309 1716 4365 aillueotes
1731 4308 1805 4375 iacit,

177 4402 301 4457 exhibuit
315 4403 474 4457 castitatem.
491 4402 589 4469 Quanti
600 4418 664 4471 ergo
676 4404 765 4459 meriti
778 4404 873 4459 eadem
887 4404 968 4473 Virgo
1018 4420 1122 4475 pauper
1135 4401 1271 4469 ειιιειιιιις
1293 4398 1435 4468 Christos,
1459 4402 1504 4472 qui
1518 4400 1652 4472 perfectus
1668 4409 1728 4466 est,
1744 4412 1808 4456 eva·

178 4492 269 4561 luerit,
290 4493 393 4548 audite.
414 4492 473 4549 Nou
488 4495 558 4549 enim
575 4502 678 4550 tantum
696 4497 793 4551 meruit
807 4496 967 4552 allocutione
1018 4495 1094 4551 cuari
1113 4495 1247 4565 dignatur.
1276 4493 1464 4550 biciturenim
1482 4500 1700 4549 seevacuassea
1721 4492 1807 4546 lorma

177 4585 300 4654 angelica
316 4584 437 4652 visitari,
462 4585 509 4640 sed
527 4584 596 4640 intra
615 4585 733 4641 claustra
751 4586 886 4655 virginalis
900 4587 969 4642 uteri
985 4571 1009 4631 D
1022 4586 1133 4642 Deitatis
1150 4587 1177 4641 io
1192 4594 1333 4656 tempore,
1358 4593 1387 4639 ot
1400 4584 1547 4639 ditaremur
1569 4584 1689 4653 ejusdcm
1703 4582 1807 4638 coelesti

179 4678 255 4735 illum
275 4677 505 4748 comprehendere
522 4679 568 4748 qui
590 4678 664 4734 nullo
678 4678 759 4734 modo
772 4687 967 4749 poteratcom·
1019 4676 1193 4750 perfectione.
1214 4675 1301 4746 Ergo,
1314 4674 1409 4732 iratres
1429 4675 1577 4739 carissimi,
1602 4674 1738 4742 Virginem
1759 4672 1808 4728 de-

176 4770 319 4840 prehendi.
340 4768 529 4824 blateruostra
542 4768 596 4823 Ena
612 4769 785 4827 tribusmalis
799 4780 967 4839 aggravatur,
1019 4783 1162 4841 precemur
1180 4775 1211 4822 ut
1228 4765 1381 4823 hontioibus
1399 4765 1482 4821 Deum
1497 4764 1641 4831 conciliet,
1659 4772 1687 4818 et
1701 4771 1807 4818 terrena
1841 4815 1847 4826 ,

176 4863 257 4919 beata
271 4876 338 4917 cero
352 4859 435 4915 blaria
450 4861 488 4915 ab
499 4859 541 4915 his
554 4859 720 4925 excluditur,
740 4870 768 4916 et
781 4861 913 4931 tripartita
927 4860 968 4918 le·
1008 4860 1172 4919 -coetesubus
1184 4857 1341 4915 concordet.
1357 4855 1519 4913 interveniat
1529 4871 1578 4926 pro
1593 4856 1748 4925 praeteritis,
1764 4872 1810 4913 ex·

178 4955 280 5011 licitate
296 4953 411 5007 mutor.
426 4951 595 5006 salutatione
611 4951 710 5006 etenim
725 4951 845 5020 angelica
859 4949 969 5007 comior·
1019 4970 1100 5011 orans
1113 4952 1208 5008 Filium
1223 4951 1391 5022 profuturis.
1406 4947 1531 5015 livingo,
1544 4946 1577 5000 da
1590 4960 1643 5000 non
1655 4954 1757 5001 tautum
1769 4949 1809 5003 ci·

180 5054 271 5110 tatur,
289 5044 440 5100 corilortata
451 5041 637 5106 benedicitur,
653 5052 681 5096 et
695 5041 860 5112 plenitudine
878 5044 970 5112 gratiae
1021 5041 1325 5114 bumeorporulem,sed
1336 5039 1489 5109 angelorum
1500 5050 1597 5107 panem
1610 5036 1678 5092 intra
1693 5037 1809 5094 tuiote'ri

179 5136 294 5194 iecunda
305 5150 364 5192 esse
378 5135 527 5190 nrnrtiatur.
542 5132 588 5190 Sic
600 5133 670 5188 enini
683 5132 865 5205 scriptumest
877 5154 883 5189 :
904 5135 970 5190 llis-
1022 5135 1137 5191 claustra
1149 5133 1372 5192 descendentem,
1385 5131 1427 5185 lac
1441 5137 1471 5183 ut
1484 5128 1625 5184 timeamus
1640 5128 1734 5183 Fidum
1748 5127 1826 5184 Dei?

179 5247 220 5285 ms
231 5240 272 5284 est
284 5228 393 5300 erpone
406 5228 441 5281 ed
450 5229 583 5299 cirpinem.
605 5225 679 5281 llauc
690 5240 751 5283 esse
761 5226 892 5296 uirginem
905 5242 970 5283 cou-
1025 5223 1133 5279 initium
1151 5226 1220 5279 enim
1235 5223 1369 5294 ιιιριιιιιιω
1388 5221 1472 5275 donor*
1482 5216 1597 5275 Domini.
1620 5219 1648 5274 Si
1663 5220 1734 5274 enim
1748 5221 1825 5289 quis«

179 5318 296 5385 fitentur,
313 5319 347 5374 de
356 5333 410 5388 qua
424 5319 450 5372 in
464 5316 532 5373 isaia
542 5318 656 5387 legitur:
674 5316 831 5389 Exietuirpc
841 5318 873 5373 de
884 5319 972 5374 radice
1022 5320 1100 5375 timet
1118 5319 1277 5383 Βοιιιιιιιιιιι,
1297 5315 1423 5371 mandatu
1442 5315 1525 5387 ipsius
1538 5314 1689 5371 custodiet:
1713 5312 1810 5368 deinde

180 5415 252 5471 lecte
274 5411 321 5487 (id
338 5421 398 5477 est,
424 5411 506 5481 Virgo
523 5409 641 5481 biania),
665 5419 691 5464 et
704 5410 753 5478 llos
766 5410 799 5465 de
812 5410 901 5465 radice
914 5412 971 5482 eius
1015 5409 1139 5464 ,carnalis
1151 5409 1274 5480 purgatio
1293 5413 1438 5477 sequetur,
1462 5412 1493 5461 ut
1504 5404 1585 5462 dirlni
1600 5404 1706 5459 luminis
1719 5402 1811 5457 radios

181 5505 311 5570 ccrendm,
324 5505 349 5559 id
363 5513 405 5558 est
419 5501 551 5558 Christus.
564 5501 623 5572 lpse
637 5502 709 5557 euim
725 5500 752 5556 in
768 5500 885 5557 Canticis
901 5502 971 5558 Can·
1016 5498 1195 5554 considerare
1208 5497 1355 5553 valeamus.
1374 5495 1519 5567 Postquam
1533 5495 1603 5550 enirn
1616 5493 1731 5549 earnalis
1744 5507 1811 5563 pur·

183 5596 295 5651 ticoruur
310 5595 434 5669 perbibet
446 5594 556 5651 dicens:
573 5592 628 5666 Epo
645 5594 693 5662 llos
707 5593 801 5664 compi.
822 5592 857 5647 Et
876 5595 972 5665 inprer·
1024 5591 1097 5660 gatio
1116 5591 1194 5735 ηοξιι
1213 5591 1337 5656 dabitur,
1368 5587 1528 5645 illuminatio
1543 5586 1641 5642 'cordis
1659 5585 1744 5641 nostri
1766 5596 1810 5642 se·

183 5689 269 5742 amad
283 5705 342 5742 eam
357 5686 444 5742 dixit:
459 5686 521 5751 dee,
538 5685 722 5757 proticplenn,
735 5682 861 5740 Dominus
878 5694 969 5740 temen.
1024 5692 1130 5753 quatur.
1180 5681 1223 5736 udi
1247 5681 1354 5751 itaque,
1380 5688 1407 5736 et
1427 5679 1525 5735 inclina
1547 5692 1638 5733 aurem
1660 5676 1695 5730 ad
1716 5690 1811 5747 preces

186 5778 295 5843 linedic
305 5801 320 5839 ,ι
329 5790 359 5841 tu
373 5781 399 5835 in
415 5777 583 5847 mutieribus,
604 5788 628 5832 et
641 5778 786 5833 benedictus
802 5779 900 5849 fructur
912 5792 969 5833 ren·
1024 5780 1139 5827 nostras.
1155 5768 1279 5842 livingo,
1295 5784 1355 5842 qum
1368 5770 1465 5826 merito
1480 5783 1495 5824 a
1508 5768 1586 5823 nubis
1598 5765 1734 5832 laudaris,
1749 5772 1810 5836 que
