4106 6330
207 393 242 449 tr
422 364 424 369 ’
717 386 902 447 uoursuus
920 386 1106 449 semones
1125 389 1337 452 ronsrsnus.
1811 391 1848 452 tt

205 509 283 583 risit),
302 510 444 566 inseratur.
468 506 513 563 Sic
536 519 645 577 quoque
669 504 847 560 humilitatem
867 502 997 560 debemus
1012 510 1034 569 ,t
1050 505 1201 561 animarum
1211 505 1298 563 lructu
1309 503 1446 576 perducat.
1461 501 1571 561 Deusta
1581 503 1743 561 incolum
1754 516 1846 562 custo·

207 614 300 660 tenere
310 603 445 666 iumenta,
460 599 561 656 atinde
576 597 691 671 (tumet)
701 596 803 653 ordinis
817 594 904 652 nostri
913 593 1001 665 dignis
1051 597 1117 663 dial,
1134 599 1357 655 reverendissime
1371 597 1464 654 irater.
1477 596 1574 652 Amen.
1583 596 1680 653 batum
1694 610 1741 654 rut
1750 597 1848 655 balent·

206 705 291 755 tutem
312 711 452 753 serverum
471 694 781 762 inhonore,quateuus
792 689 819 745 in
833 688 931 757 nobis,
947 704 998 745 nce
1050 692 1100 749 das
1122 690 1247 748 Octobris
1265 691 1335 764 (huo
1357 689 1424 745 falsa
1441 689 1583 746 consulum
1606 687 1683 759 nota)
1694 688 1848 746 iustiniaan

205 791 343 847 humilitas
355 788 448 845 tituida
461 830 468 852 ,
480 802 530 844 nec
543 786 613 842 ratio
625 785 661 841 sit
673 783 799 855 superba.
820 780 998 854 Omnipotens
1051 782 1161 838 tertium
1170 790 1199 839 et
1209 780 1307 839 ‘Oreste
1322 780 1477 856 (Valentino
1491 797 1511 837 n
1522 780 1668 851 et«0reste,
1676 782 1742 838 uiris
1751 781 1847 839 uaris-

204 883 276 940 Dcus
286 882 463 949 ,.carissime,
478 894 526 937 sua
541 877 746 951 teprotectione
755 874 901 941 custodiet,
916 880 998 943 atque
1050 871 1125 929 sintls
1138 871 1294 930 consulibus
1309 871 1392 943 (anuo
1403 868 1505 927 Christi
1522 867 1574 926 lau
1586 871 1629 927 rel
1644 869 1720 942 aba).

204 954 370 1031 ad'coelestls
391 971 636 1030 remunerationem
651 966 745 1037 patria>
756 964 998 1040 lcumlmultiplici

838 1186 922 1232 auno
944 1183 1060 1231 nomm
1077 1179 1206 1228 nxxrrr.
1229 1162 1231 1165 ’

507 1327 1541 1641 memnonos

715 1734 987 1817 EPISCOPUS
1012 1727 1336 1812 TchhTtNUS.

797 1871 845 1938 (En
857 1869 959 1923 collect.
972 1867 1017 1919 SS.
1030 1866 1132 1918 Patruus
1141 1863 1237 1927 notet.)

906 1969 1146 1990 m

815 2000 1245 2130 unouuoommrs.

388 2191 544 2251 nostrus
565 2193 610 2249 sn
626 2189 811 2248 uscrnnsnr
1011 2178 1082 2249 nat
1095 2193 1150 2234 em.
1169 2174 1294 2247 ommno
1314 2174 1343 2231 m
1356 2188 1404 2231 sua
1418 2133 1586 2231 cartennae
1600 2169 1775 2228 sanctuarum
1792 2171 1839 2229 ur-

235 2286 422 2358 suspicanmr,
447 2284 533 2340 lector
553 2283 665 2356 optime,
691 2281 850 2340 allontano
872 2277 921 2335 SS.
937 2275 989 2331 ΡΡ.
1042 2265 1143 2346 spania
1154 2281 1161 2319 r
1173 2256 1311 2334 postr'emo
1326 2278 1342 2318 a
1360 2261 1392 2319 P.
1406 2261 1503 2319 Floret
1526 2260 1559 2315 ad
1580 2259 1753 2330 quamplures
1771 2276 1837 2318 mss.

201 2381 392 2438 Toletanorum
407 2376 563 2445 editionem,
587 2375 746 2448 quoniame
760 2382 815 2431 tota
830 2380 904 2430 retro
922 2370 993 2426 auti·
1043 2360 1151 2420 codices
1160 2359 1293 2429 gothicos,
1302 2368 1332 2417 ut
1343 2360 1400 2432 ipse
1411 2359 1516 2427 asserit,
1527 2359 1641 2426 collatas,
1653 2357 1840 2414 multoemen·

200 2471 303 2547 quitate
317 2469 340 2524 is
352 2466 456 2551 prunus
467 2474 520 2533 est,
539 2480 594 2522 non
609 2464 655 2537 qui
668 2471 842 2521 rnouumenta
863 2458 993 2515 litteraria
1044 2453 1164 2510 (latiores
1176 2466 1257 2522 quam
1271 2450 1299 2507 in
1314 2451 1449 2523 prioribus
1463 2450 1626 2507 editionibus
1637 2449 1763 2506 exhibite
1776 2453 1841 2505 sunt

200 2559 324 2625 ediderit,
339 2556 388 2614 sed
401 2556 478 2627 culus
487 2555 588 2625 scripta
601 2553 636 2610 ad
647 2568 698 2609 nos
711 2565 797 2622 usque
811 2546 992 2621 pervenerint.
1045 2544 1074 2601 ln
1086 2543 1235 2616 appendice
1252 2542 1286 2599 ad
1307 2551 1374 2600 tom.
1389 2543 1412 2602 V
1436 2542 1572 2615 Hispanis
1590 2558 1685 2599 sacru.
1705 2540 1769 2614 Ejus
1792 2556 1842 2600 nos

200 2649 266 2717 Quis
288 2647 361 2704 enim
381 2642 487 2701 dubitet
508 2642 637 2699 Meamne
660 2641 767 2714 aliquos
779 2636 949 2710 precessisse
967 2636 994 2691 lu
1046 2634 1194 2692 editionem
1207 2634 1294 2690 secuti
1307 2650 1409 2701 sumus,
1424 2633 1506 2690 nullis
1519 2648 1554 2689 ex
1566 2641 1658 2689 nostru
1677 2631 1842 2687 nudantibus

200 2736 265 2792 sede
280 2734 411 2791 Toletano
430 2732 527 2790 doctos
548 2731 686 2803 presules,
711 2725 895 2786 rescribendi
916 2726 996 2784 laude
1047 2725 1209 2783 lectionibus
1218 2724 1363 2794 adnotatis,
1373 2724 1500 2796 quoniam
1511 2740 1562 2780 ms.
1575 2723 1749 2796 codicem‚ad
1760 2738 1840 2793 quem

200 2816 362 2895 preclaros?
376 2820 569 2883 Dedudencio,
583 2836 664 2892 quem
676 2815 994 2877 Toletanumantistitem
1047 2816 1176 2887 epistulas
1199 2815 1379 2886 exigeremus,
1404 2815 1506 2871 nullum
1528 2813 1679 2870 habuimus.
1699 2813 1843 2869 lactantes

200 2912 283 2967 inisse
306 2925 386 2967 nemo
405 2909 528 2979 ambigit,
552 2909 648 2965 scitum
663 2916 704 2963 est
716 2904 848 2963 Gennadii
866 2904 993 2975 elogium,
1045 2906 1127 2975 igitur
1140 2905 1281 2976 descripte
1291 2910 1354 2962 sunt
1364 2920 1397 2961 ex
1414 2905 1471 2977 ipsa
1485 2904 1601 2961 Florezii
1614 2903 1731 2959 editione
1742 2902 1843 2959 :aduo-

200 3016 260 3070 cnp.
281 2996 321 3064 li,
344 2996 387 3053 his
409 2997 499 3054 uerbis
515 2996 682 3052 :Audenciua
703 2996 838 3067 emscopm
858 2993 993 3066 Hispanus
1046 2994 1160 3052 tationes
1173 3009 1239 3052 nero
1253 2994 1287 3051 ad
1301 2995 1383 3051 imum
1399 3011 1474 3053 oram
1489 2995 1624 3051 adhibitas
1638 3010 1672 3051 ex
1695 3009 1748 3050 em.
1764 2993 1838 3050 card.

200 3089 304 3161 t'cripait
316 3085 607 3144 comminutionum
621 3095 646 3143 et
653 3086 828 3151 sabellianos,
839 3085 991 3152 aldricum,
1046 3088 1169 3159 Aquinio
1183 3088 1389 3159 desnnmpsimus,
1409 3103 1478 3159 quas
1492 3094 1581 3143 tamen
1605 3087 1704 3143 nostris
1718 3085 1840 3142 animari·
1864 3076 1871 3088 '

200 3185 243 3258 qui
255 3199 323 3238 nuuc
335 3190 460 3239 uocantur
474 3181 622 3247 Βοιοιὶαεί,
638 3181 731 3236 librum
741 3196 816 3253 quern
827 3179 994 3252 praetitulavit
1046 3178 1215 3234 versionibus
1228 3178 1262 3234 ad
1284 3178 1386 3235 calcem
1409 3179 1544 3247 auximus,
1568 3176 1657 3235 locum
1681 3167 1841 3233 obscurissi-

200 3276 233 3330 ιι
248 3273 313 3330 moe
326 3274 462 3330 anserum
485 3288 573 3329 omues
586 3272 729 3330 liureticon
740 3288 749 3327 .·
760 3272 788 3326 iu
811 3288 860 3344 quo
883 3272 994 3326 ostendit
1046 3286 1119 3327 mum
1133 3268 1392 3342 epistoloesecundse
1401 3267 1595 3341 quoquomodo
1610 3268 1778 3334 illustratori,
1793 3268 1840 3337 qui

200 3367 383 3431 antiquitatem
398 3361 461 3420 Filii
475 3362 525 3420 Dei
548 3363 729 3422 cooeurnnleut
743 3361 819 3419 Patri
841 3362 931 3437 fnisse,
947 3379 993 3417 uec
1048 3363 1114 3420 nulli
1126 3363 1256 3420 hacteuus
1269 3362 1368 3420 editori
1390 3378 1445 3420 non
1459 3363 1597 3433 negotium
1620 3361 1737 3419 lacessit.
1762 3362 1840 3431 Quod

200 3455 302 3509 initium
315 3453 428 3509 Deitatis
450 3462 510 3508 tuuc
526 3471 542 3508 a
562 3452 617 3510 Deo
630 3452 713 3509 Patre
730 3454 872 3526 accepisse,
891 3469 951 3508 caut
962 3454 994 3509 de
1007 3496 1030 3557 C
1047 3454 1130 3509 uitam
1144 3454 1264 3510 llontaui
1277 3455 1335 3525 ejus
1348 3454 1471 3526 epistolis
1483 3453 1657 3525 praeligimus,
1672 3470 1726 3510 non
1740 3467 1840 3510 uanum

200 3547 275 3603 tenta
290 3545 378 3602 diaria
395 3546 503 3623 Virqirte'
515 3547 602 3618 imno,
618 3546 673 3605 Deo
688 3549 841 3622 {uincente
855 3558 1012 3626 conceptus·
1047 3549 1126 3605 nobis
1139 3548 1282 3605 consilium
1297 3547 1385 3606 uisum
1399 3555 1441 3604 est
1454 3548 1555 3616 iniisse,
1579 3556 1609 3604 ut
1622 3548 1657 3605 de
1671 3556 1781 3604 auctore
1795 3562 1841 3602 ra·

199 3644 377 3693 eructuaret.
394 3636 486 3694 Virum
496 3636 621 3695 eumdem
630 3637 809 3711 irtScripmria
822 3641 993 3696 exercitatum
1045 3641 1147 3697 tionem
1159 3639 1234 3711 prius
1253 3638 1436 3709 redderemus,
1458 3655 1537 3711 quam
1558 3639 1617 3711 ejus
1629 3648 1840 3713 representare·

200 3726 335 3782 turieutem
350 3727 483 3799 inpeuium
501 3735 584 3784 uocat
597 3728 772 3785 Trlthemius.
796 3726 850 3786 Sed
873 3729 925 3785 buc
938 3728 993 3785 uu-
1046 3748 1105 3788 mus
1117 3732 1227 3803 scripta.
1241 3730 1335 3803 ltaque
1349 3732 1377 3789 in
1390 3731 1496 3794 ceteris
1509 3730 1632 3788 Patribus
1642 3730 1751 3788 edendis
1762 3745 1838 3788 eant-

199 3817 287 3873 tlencii
301 3831 378 3887 olus,
402 3815 473 3872 sicul
491 3823 519 3873 si
532 3816 584 3872 ³¹5²
599 3816 724 3881 iliorum.
745 3817 834 3888 periit.
850 3816 994 3875 llonmnns
1029 3808 1106 3880 'dem
1130 3823 1333 3880 observavimus
1360 3822 1528 3879 methodum.
1561 3823 1591 3879 ln
1611 3823 1740 3881 Montano
1762 3839 1838 3891 nero,

200 3905 290 3974 itaque
305 3905 407 3973 primus
421 3903 548 3970 ooeurrii.
572 3903 648 3975 culus
661 3904 782 3981 epistota
802 3906 901 3963 saeculo
914 3914 993 3963 sexto
1045 3914 1174 3984 quoniam
1189 3913 1306 3982 elogium
1326 3912 1397 3971 illius
1410 3929 1424 3970 ι
1439 3913 1468 3970 S.
1484 3912 1646 3986 ildephonso
1658 3898 1855 3987 conscriptum*

199 3995 463 4073 conscriptumque
476 4009 492 4049 ²
505 3993 534 4050 S·
548 3993 710 4065 ildephonsi)
723 3993 846 4063 lium.
864 3995 993 4069 ‘embolis
1047 4003 1155 4061 breuius
1168 4010 1219 4069 est,
1235 4018 1285 4060 nos
1299 4003 1360 4059 ritae
1370 4002 1428 4075 ejus
1441 4003 1580 4063 historiam
1595 4008 1677 4079 paulo
1689 4005 1839 4076 longiorem

199 4085 359 4142 discibilem
373 4092 542 4156 mimmii»
564 4084 592 4141 5¹¹
603 4084 685 4142 wila
706 4101 771 4143 mss·
785 4094 900 4160 reperte
916 4099 990 4150 sunt,
1047 4093 1245 4161 contexuimus,
1268 4093 1426 4164 colligentes
1449 4103 1482 4153 etl
1500 4111 1561 4168 quze
1579 4096 1613 4155 ab
1627 4096 1686 4154 aliis
1703 4095 1840 4153 historicus

198 4193 232 4233 ex
246 4177 344 4250 quibus
356 4175 436 4234 editu
450 4176 592 4248 primumn
607 4175 639 4232 l).
655 4174 750 4235 Gareia
762 4177 877 4255 boapsa,
896 4180 993 4238 delude
1045 4185 1146 4257 scripta
1160 4183 1321 4256 reperimus.
1335 4179 1413 4243 Vale.

797 4366 1078 4458 MONTANt
1093 4372 1247 4457 VITA.

900 4515 1142 4530 ¹¹——

233 4563 376 4621 llontanus
392 4562 520 4624 hostesne
534 4569 671 4629 Toletanae
684 4582 746 4643 post
759 4571 865 4631 Celsum
877 4573 989 4633 antistes
1040 4570 1193 4645 ildephonsi
1207 4581 1287 4632 :etate
1309 4576 1429 4633 omnium
1453 4591 1501 4634 ore
1525 4576 1672 4647 terebatur,
1695 4577 1835 4634 sanctissi-

197 4655 288 4711 itoruit
300 4664 424 4728 tempore
439 4656 582 4719 Amalaricl
604 4662 675 4733 regis
688 4661 849 4733 Gothorum,
871 4665 989 4737 pretuli·
1004 4681 1115 4743 Datum
1128 4667 1269 4737 presulem
1281 4669 1374 4740 putida
1383 4669 1516 4725 calumnia
1527 4669 1562 4726 ab
1573 4668 1727 4725 hortiiuibus
1737 4668 1835 4725 inuidis
1853 4732 1855 4741 ¹

196 4760 249 4815 que
262 4745 300 4803 illi
314 4744 348 4801 ab
363 4760 434 4803 anno
448 4745 642 4822 transposed
655 4749 717 4821 bat,
733 4753 880 4810 secuudum
892 4755 989 4813 seriem
1042 4755 1201 4826 appetitum,
1217 4756 1313 4828 insigni
1326 4759 1455 4817 miraculo
1465 4775 1541 4815 suam
1555 4758 1736 4815 innocentiam
1746 4759 1835 4815 niudi-

197 4837 340 4908 prmsulum
363 4837 555 4895 Toletanorum
570 4837 600 4895 tt.
617 4840 728 4900 loannis
740 4843 866 4917 Baptistre
885 4843 989 4901 Perezii
1041 4861 1127 4912 casse,
1143 4848 1276 4907 carbones
1288 4864 1418 4907 accensos
1433 4850 1524 4907 tandiu
1539 4852 1566 4906 ih
1585 4851 1702 4922 propriis
1716 4850 1836 4908 restibus

196 4926 319 4981 nonnonlci
341 4926 480 4995 Toletani,
506 4939 534 4987 et
558 4929 631 4988 Clar.
654 4930 782 5006 Loayste,
810 4944 838 4990 et
861 4933 987 5013 llguirrii,
1040 4937 1198 4997 sustinendo
1220 4940 1309 5011 quoad
1337 4956 1413 4997 sacra
1442 4942 1569 5015 mysteria
1597 4941 1654 5013 ipse
1675 4944 1833 5014 peragerem

196 5029 276 5082 quum
293 5014 439 5070 atrociorem
453 5025 481 5073 et
493 5019 686 5076 correctiorem
700 5019 823 5078 dabimus
837 5022 871 5078 ad
885 5023 987 5081 calcem
1040 5026 1104 5097 quin
1129 5036 1219 5085 tamen
1241 5029 1344 5089 interea
1367 5041 1458 5091 restes
1473 5032 1515 5089 rel
1536 5032 1699 5090 leuissimum
1713 5032 1837 5104 ceperint

152 5172 158 5179 ¹
196 5112 262 5157 tnm.
278 5100 311 5157 ll.
1041 5117 1243 5188 detrimentum,
1258 5120 1362 5191 ignisne
1372 5122 1518 5199 quidquam
1530 5122 1563 5179 de
1583 5123 1610 5178 ri
1625 5139 1674 5180 sua
1687 5122 1833 5178 remiserit.

232 5194 270 5252 ux
284 5202 379 5251 sancto
399 5195 560 5268 ildephonso
578 5200 772 5275 intelligimus„
786 5211 854 5274 quot
866 5205 987 5275 quantis·
1040 5207 1123 5281 Cujus
1134 5210 1214 5270 simili
1230 5216 1388 5284 purgatione
1401 5217 1597 5289 posterioribus
1618 5216 1724 5273 suculis
1737 5215 1766 5272 S.
1778 5214 1835 5271 hu·

194 5306 247 5360 quc
262 5290 405 5355 uirtutibus
419 5290 544 5347 eluxerit.
559 5292 619 5351 Tuit
630 5297 702 5353 enirn
715 5311 820 5354 summa
833 5296 916 5353 autimi
929 5296 986 5355 rir-
1040 5302 1154 5363 selmum
1176 5304 1297 5377 aliosque
1322 5308 1507 5367 sanctissimos
1520 5309 1602 5377 uiros,
1617 5306 1720 5381 Spiritu
1738 5296 1834 5365 sancto

195 5388 253 5436 tute
267 5381 405 5455 proditos,
425 5382 452 5437 in
467 5381 581 5439 dicendo
594 5384 839 5459 eloquentissimus,
849 5387 876 5443 iu
887 5385 985 5459 guber·
1040 5393 1197 5469 inspirante,
1213 5412 1277 5454 usos
1290 5398 1411 5469 legimus.

150 5486 155 5493 ·
195 5472 285 5527 inundo
298 5473 533 5544 prudentissimus,
559 5475 684 5533 omnihus
704 5479 815 5537 summis
838 5478 986 5538 bonoribus
1076 5483 1235 5557 Eloquentia
1249 5485 1368 5543 blontani
1383 5494 1464 5560 atque
1483 5487 1541 5559 clus
1554 5487 1684 5546 doctrinm
1703 5487 1833 5561 splendor

194 5562 300 5649 dignus,
324 5572 406 5636 atquc
420 5566 481 5623 nile
494 5564 648 5622 innocentia
668 5569 944 5629 commendatissimas
957 5579 986 5629 et
1038 5576 1105 5631 satis
1118 5587 1228 5648 apparet
1243 5594 1277 5634 ex
1291 5579 1394 5639 duabus
1408 5579 1538 5651 epistolis,
1554 5595 1615 5652 quac
1628 5580 1663 5637 ad
1676 5594 1728 5637 nos
1747 5594 1832 5649 usuque

195 5652 376 5713 beatissimus.
847 5660 853 5673 '
1037 5678 1228 5739 perveniemnt.
1253 5670 1342 5726 Prima
1366 5670 1492 5729 iratmhus
1511 5671 1627 5742 liliisque
1648 5670 1832 5729 dilectissimis

228 5743 263 5801 Ει
274 5747 385 5819 quidem
399 5763 459 5820 equs
472 5749 624 5807 sanctitatis
637 5751 782 5808 eminentia
796 5754 902 5813 abunde
916 5770 987 5813 eont-
1037 5762 1167 5819 territorii
1181 5762 1323 5832 Palerttinl,
1348 5766 1431 5823 ultera
1448 5766 1478 5821 b.
1494 5766 1594 5823 oxituio
1609 5766 1738 5826 Thuribio
1758 5763 1829 5822 seri-

194 5839 325 5912 probatur
347 5841 533 5913 antiquissima
557 5841 682 5920 hostique
705 5844 934 5911 traditioneque
956 5848 984 5904 S.
1039 5861 1098 5920 nte:
1121 5846 1226 5910 uccnou
1245 5871 1279 5911 ex
1303 5856 1416 5914 coucilia
1431 5846 1562 5914 Toletano
1576 5848 1608 5923 ll',
1631 5857 1675 5914 cui
1699 5852 1827 5928 oretum

1777 4313 1832 4326 ⁴·-
