4064 6344
120 366 172 431 m
617 371 1259 464 mmmmmfflwwm.
1464 348 1466 353 ’
1698 384 1752 440 m

428 486 540 543 eleut
558 488 601 544 lli.
919 494 944 554 Α
958 493 1057 549 tionem
1072 493 1123 565 ipsi
1137 502 1199 550 sunt
1212 495 1294 550 etiarn
1306 495 1435 566 templum
1448 496 1505 553 [lei.
1520 497 1598 565 Quod
1608 515 1669 555 csse
1685 500 1752 556 bde-

153 572 286 631 ceterum
301 573 415 645 legimus
435 576 462 633 in
485 576 554 634 libro
572 579 717 650 Sapientia
730 578 862 651 quosdam
882 578 911 635 ia
961 582 1001 638 les
1015 591 1129 640 testatur
1143 582 1287 654 Apostolus
1300 586 1410 642 dicens:
1427 585 1541 642 Nescitis
1554 590 1614 660 quir
1629 591 1752 660 temptum

118 665 163 744 die
174 665 268 734 judicii
279 665 420 724 babituros
429 669 536 739 quidem
546 671 743 741 poenitentiam,
756 678 912 727 nontamen
962 671 1011 728 Dei
1024 676 1094 739 ιιιίι,
1118 685 1143 729 et
1164 676 1269 746 spiritur
1283 675 1334 731 Dei
1347 675 1447 732 lrabitot
1461 680 1489 733 iu
1512 678 1582 734 uobis
1597 679 1624 750 (l
1639 679 1700 736 Cor.
1712 697 1751 744 ru,

119 755 313 827 indulgentiam
327 757 455 815 divinitus
468 769 636 831 accepturos.
650 761 786 832 Scriptum
796 760 913 831 denique
964 761 1027 832 toll
1039 761 1097 818 lice
1110 764 1237 834 templum
1250 780 1286 820 ne
1303 766 1381 822 malis
1394 767 1521 837 operibus
1535 768 1678 838 polluatur,
1700 762 1768 827 nors¹

118 847 302 904 sicbabctur:
317 848 388 904 Turro
407 849 511 907 stolum
522 852 588 924 justi
609 854 636 908 in
656 869 752 925 mogon
765 852 912 907 constantio
963 853 1050 909 solum
1072 854 1213 922 diligenter
1239 862 1406 926 premonet,
1433 856 1482 915 sed
1503 857 1585 916 etiam
1610 859 1755 914 veliemen-

59 940 62 947 ’
119 938 242 995 ndoerrtu
254 955 298 993 ιιι
311 942 354 1012 oui
373 957 401 996 ιι
419 942 643 1013 angustiaverunt,
657 943 739 1009 etqui
752 941 932 1017 ubptulemrrty
962 953 1005 1000 ter
1019 946 1255 1002 nostrosanimos
1279 950 1370 1010 terret,
1399 947 1491 1001 dicens
1508 964 1514 998 ε
1534 945 1566 1002 Si
1589 948 1644 1018 quir
1668 957 1755 1001 (ιιιιιιι

119 1027 330 1086 laboreseorum.
350 1030 472 1087 Videoteo
490 1031 660 1090 turbabuntur
680 1035 771 1089 timore
784 1033 912 1096 horribili,
964 1034 1085 1104 templum
1103 1031 1153 1088 Ilei
1167 1034 1310 1102 uiolauerit,
1325 1034 1455 1105 disperdet
1476 1035 1550 1089 illum
1570 1035 1650 1091 Deus.
1678 1035 1754 1091 Tem·

119 1127 145 1173 et
158 1118 323 1176 mirabuntur
340 1122 368 1177 in
382 1121 538 1178 subitatione
550 1126 690 1194 imperator
701 1123 805 1186 solutis,
827 1123 916 1177 dicen·
964 1123 1034 1194 plum
1048 1125 1116 1177 enim
1130 1123 1179 1179 Dei
1197 1132 1315 1179 sunctum
1328 1131 1377 1189 est,
1402 1126 1470 1196 quod
1481 1126 1543 1181 estis
1556 1142 1609 1180 uos.
1634 1124 1718 1181 Νιιιιο
1728 1145 1758 1182 ιι

121 1219 158 1264 teo
181 1210 250 1264 inter
266 1227 304 1275 te,
327 1212 503 1281 poenitentium
521 1210 653 1279 lubenter,
669 1221 694 1267 et
708 1213 915 1284 perurgentium
964 1214 1069 1269 reducat
1085 1213 1179 1286 (ltro,
1196 1215 1240 1280 li,
1261 1214 1318 1285 ts).
1341 1215 1407 1282 Quis
1430 1216 1513 1284 enim,
1527 1231 1605 1285 rogo,
1626 1218 1695 1273 rtrnle
1716 1220 1758 1272 vi-

121 1300 229 1370 spirituv
247 1310 395 1372 perarmet:
411 1299 447 1355 lli
467 1310 527 1356 rurtt
545 1319 608 1373 gnos
621 1303 755 1358 inbuimur
775 1302 915 1375 adouacrio
964 1319 1040 1370 vens,
1064 1320 1126 1359 cum
1140 1304 1216 1360 audit
1229 1288 1265 1359 ιιι
1278 1304 1419 1374 Apostolo,
1441 1308 1502 1376 quin
1520 1309 1542 1361 si
1565 1309 1621 1377 quis
1634 1311 1757 1378 tenplum

120 1390 149 1444 in
164 1389 290 1458 derisum,
304 1399 329 1445 et
338 1393 365 1445 io
378 1392 574 1447 rirrtilitudinem
587 1395 752 1466 improperii;
767 1411 815 1449 ooo
828 1395 917 1449 interr·
964 1392 1016 1464 Dei
1028 1394 1172 1473 uiolauerit,
1194 1395 1324 1474 disperdet
1341 1395 1416 1451 iilum
1429 1395 1511 1464 bens,
1525 1397 1548 1451 si
1562 1413 1710 1453 conversus
1730 1400 1756 1453 iu

121 1481 174 1534 tuti
189 1480 269 1534 uitam
291 1481 394 1535 illorum
417 1481 610 1547 oeotimolomoo
628 1486 769 1563 insoniunt,
791 1494 817 1540 ot
838 1485 916 1551 linem
966 1485 1019 1541 boc
1033 1494 1155 1556 tempore
1170 1501 1223 1541 non
1236 1485 1326 1552 luerit,
1344 1486 1460 1557 aliquem
1471 1487 1521 1541 sibi
1532 1503 1606 1557 spem
1621 1490 1758 1545 remissio·

121 1568 230 1624 illorum
243 1571 300 1625 tine
322 1571 429 1626 bonore.
452 1570 586 1637 Quomodo
607 1575 748 1645 computati
768 1584 829 1644 runt
849 1577 917 1628 iuter
966 1574 1009 1632 nis
1021 1574 1115 1630 iuturae
1125 1575 1285 1645 promittere
1298 1575 1413 1631 audenti
1436 1576 1501 1642 Quis
1517 1593 1569 1633 non
1586 1578 1758 1637 tremefactus
1810 1590 1813 1595 ’

122 1659 268 1732 filioa'Dei,
281 1672 306 1716 et
325 1664 392 1718 irater
405 1672 509 1719 sonetur
521 1681 577 1733 sorr
591 1667 696 1721 illorum
710 1675 749 1721 ιιι
763 1666 841 1738 (Sap.
857 1664 913 1728 v,l
966 1665 1110 1721 concidat?
1125 1664 1190 1732 Quis
1205 1666 1760 1741 nonantelinemvitseprmsentisadpte·
1814 1742 1822 1749 .

122 1753 245 1824 mergit
255 1752 340 1810 Nemo
351 1763 452 1820 autem,
466 1769 529 1811 curn
539 1755 781 1825 legitdictumquia
794 1756 856 1811 mali
870 1755 919 1810 mi·
950 1773 953 1779 ·
967 1755 1109 1810 nitentium
1119 1766 1297 1826 compunctus
1306 1765 1334 1812 et
1344 1757 1644 1815 humiliatusacourratl
1654 1760 1760 1817 Clamat

122 1843 256 1898 rabuntur
269 1845 297 1898 in
317 1844 479 1901 subitatione
494 1846 637 1916 insperato
658 1846 763 1911 salutis,
782 1845 918 1902 existimet
930 1858 956 1921 Β
968 1844 1114 1917 Apostolus
1129 1863 1136 1899 ι
1151 1842 1219 1909 Quia
1233 1847 1256 1901 oi
1277 1848 1334 1918 guis
1349 1846 1470 1917 templum
1482 1846 1533 1902 Dei
1551 1847 1692 1915 uiolauerit,
1716 1850 1759 1904 ‹tt-

122 1933 237 2004 illisqui
252 1935 277 1989 in
288 1936 444 1991 criminibus
456 1944 616 2006 praesentem
627 1936 723 1992 liniunt
733 1937 825 2003 ritum,
837 1941 920 2005 quao-
968 1936 1071 2006 rperdet
1082 1936 1156 1991 ilium
1170 1935 1251 2003 neos,
1271 1945 1298 1992 et
1311 1951 1396 1992 vanus
1407 1936 1489 1992 bomo
1503 1937 1608 1994 seducit
1617 1954 1676 1995 seso
1687 1941 1761 2009 cogi-

123 2025 216 2094 doquo
230 2025 395 2095 insperatam
414 2027 530 2083 salutem
544 2025 634 2084 divino
645 2041 757 2083 munere
776 2026 919 2084 coniuren-
969 2025 1073 2081 tatione
1097 2025 1270 2096 nequissima,
1294 2026 1388 2082 dicens
1405 2043 1411 2079 :
1426 2024 1538 2082 Etiamsi
1561 2027 1690 2098 templum
1712 2028 1761 2085 liei

124 2110 199 2171 darn.
214 2114 352 2172 iustorum
371 2131 487 2186 namque
506 2117 642 2189 insperata
664 2116 751 2183 salus,
775 2131 837 2187 qum
856 2118 920 2173 lieet
970 2117 1117 2182 violavero,
1131 2124 1159 2170 et
1172 2116 1296 2186 usquein
1309 2115 1389 2172 linem
1402 2116 1587 2183 malerixero,
1601 2118 1760 2176 salvusero.

124 2206 285 2277 desperatur
298 2207 333 2263 ab
353 2207 451 2277 iniquis
472 2207 680 2274 danda,'tarnen
694 2217 835 2280 permanet
856 2223 920 2278 spe·
970 2206 1095 2278 Numquid
1119 2222 1172 2262 nou
1187 2206 1286 2263 talibus
1303 2206 1370 2262 dicit
1384 2206 1538 2277 Apostolus,
1564 2208 1627 2279 quia
1648 2208 1762 2265 dicunt:

123 2297 249 2352 rantibus
258 2297 348 2367 justis.
361 2296 437 2353 Unde
451 2298 546 2354 beatus
557 2297 642 2354 David
654 2314 736 2354 unam
754 2300 849 2370 psalmi
859 2299 921 2357 loco
970 2295 1111 2351 Faciamus
1125 2296 1205 2361 molo,
1229 2304 1258 2350 ut
1279 2298 1385 2351 ueniant
1407 2296 1485 2363 borlo,
1504 2314 1612 2370 quorum
1630 2297 1763 2352 damumto

125 2403 203 2458 spent
224 2386 360 2457 justorum
381 2389 480 2445 cecimt
502 2396 530 2444 et
551 2390 676 2458 salutem,
698 2389 792 2447 dicens
813 2410 820 2446 ι
841 2392 921 2447 Solos
967 2389 1041 2460 justo
1060 2387 1258 2456 rotdomum,
1280 2385 1319 2458 8).
1344 2386 1442 2443 Nonne
1453 2387 1480 2442 lri
1502 2395 1567 2442 sunt
1584 2402 1652 2456 qnos
1670 2397 1763 2444 sancta

125 2488 214 2533 autem
223 2478 384 2549 justorumn
400 2478 525 2546 Domino,
547 2489 573 2535 ιι
590 2489 721 2553 protector
741 2498 830 2537 corma
841 2492 881 2537 ιιι
893 2485 921 2539 ιιι
971 2476 1109 2547 Scriptura
1121 2475 1244 2547 inlelices
1251 2475 1379 2549 appellat,
1392 2491 1521 2548 spemque
1533 2476 1639 2532 illorum
1652 2493 1763 2555 vacuam

126 2577 241 2639 tempore
253 2562 433 2625 'tribulationis
448 2585 457 2624 .·
471 2580 497 2624 et
519 2568 653 2640 remeabit
675 2586 719 2626 eor
735 2569 873 2639 Demiror,
895 2581 921 2627 et
971 2566 1081 2622 omuino
1096 2566 1261 2637 pmnuntiat,
1274 2565 1553 2636 dicenstslrpierrtinm
1564 2576 1589 2620 et
1598 2566 1765 2636 disciplinam

124 2658 248 2721 liberabit
266 2676 319 2726 cot,
345 2669 370 2715 et
388 2660 479 2732 eripiet
499 2677 543 2715 eoo
560 2678 576 2731 u
590 2659 783 2733 peccatoribus,
799 2671 824 2716 et
836 2662 922 2718 cultor
971 2659 1015 2731 gui
1028 2656 1116 2729 oljtctr
1129 2658 1223 2730 infelix
1236 2665 1284 2724 est,
1299 2666 1323 2711 et
1336 2673 1415 2711 uacuo
1428 2667 1467 2711 est
1480 2673 1538 2727 oper
1552 2657 1667 2725 illorum,
1683 2666 1708 2712 et
1721 2658 1763 2713 lu·

126 2751 207 2823 societ
220 2766 275 2818 eoo,
296 2752 418 2822 quonium
437 2760 604 2821 speraverunt
621 2747 921 2821 ineumvaul.1xxvt,
972 2747 1044 2804 bores
1058 2751 1115 2804 rirte
1128 2750 1213 2821 fructu
1226 2747 1303 2821 (Sap.
1319 2764 1357 2815 ru,
1373 2746 1438 2817 lli?

126 2837 172 2905 39,
187 2837 247 2910 tu).
264 2837 332 2896 llirrc
345 2838 470 2910 estquod
485 2840 569 2910 iniqui
583 2840 692 2896 aeternis
704 2839 848 2911 deputandi
863 2848 931 2901 tor-.

125 2931 923 3005 mmmmmmmmmmm
1275 2903 1473 3009 cmm(

126 3020 271 3093 ottpuoodo
293 3021 321 3077 io
336 3022 451 3077 derisum
474 3032 499 3076 et
511 3023 538 3076 in
552 3022 745 3079 sirrttitmttmm
759 3023 923 3094 improperii:
1007 3028 1086 3086 Salus
1103 3028 1148 3085 illa
1166 3028 1246 3099 igitur
1265 3043 1320 3084 non
1341 3026 1447 3083 dabitur
1461 3025 1576 3096 iniquis,
1599 3027 1647 3083 sed
1664 3024 1767 3098 justise

126 3114 404 3169 noriorenrotioitnm
416 3114 520 3169 illorum
541 3114 732 3170 estimabantur
745 3116 884 3181 iooooiorrt,
899 3125 925 3171 et
973 3127 1037 3176 aule
1057 3116 1136 3173 buum
1151 3116 1254 3172 scilicet
1274 3115 1355 3186 brrjus
1378 3116 1440 3170 vitm
1461 3116 1591 3171 correctis
1611 3123 1768 3186 otquccon·
1802 3135 1806 3142 ·

127 3204 211 3276 finem
222 3204 326 3258 iliorum
342 3204 398 3258 sine
411 3204 516 3260 bonore.
537 3204 600 3261 lieo
621 3212 664 3263 cst
684 3206 819 3277 insperato
841 3207 923 3273 saltus,
937 3208 961 3272 c
975 3207 1071 3263 versis.
1084 3205 1163 3261 Solus
1176 3204 1221 3259 illa
1231 3204 1309 3261 bonis
1320 3202 1498 3274 dabitur,‘qui
1516 3203 1549 3258 ad
1564 3203 1710 3259 amicitiam
1721 3204 1770 3261 liei

126 3294 262 3366 qnoniam
282 3293 365 3349 vitam
386 3294 520 3365 justorum
540 3295 670 3353 insaniam
689 3294 886 3362 {estimabants
898 3305 926 3352 et
976 3296 1144 3359 cucurrerint
1155 3310 1205 3366 per
1219 3295 1431 3359 conversionem,
1453 3309 1507 3349 non
1532 3294 1620 3362 malis,
1643 3296 1689 3366 qni
1704 3310 1769 3366 per·

127 3396 194 3442 euru
209 3384 260 3455 ipsi
275 3391 367 3441 essent
380 3384 478 3453 insani,
493 3401 575 3443 sanos
595 3400 625 3442 se
637 3401 696 3444 esse
710 3386 863 3453 credebant,
875 3386 928 3442 'nec
976 3394 1116 3443 manentes
1132 3384 1211 3439 antici
1233 3383 1335 3449 mundi,
1352 3382 1500 3453 apostolica
1514 3380 1700 3452 increpatione
1716 3383 1770 3437 ini·

126 3476 281 3548 sperabant
294 3476 497 3532 retributionem
511 3476 735 3551 diviuaejustitim‚
746 3485 774 3532 et
784 3486 926 3547 propterea
976 3478 1040 3534 mici
1060 3476 1108 3531 liei
1122 3480 1261 3530 merentur
1279 3485 1397 3540 congrue
1419 3472 1578 3541 nuncupari.
1597 3469 1676 3527 Tales
1696 3473 1770 3527 enirn

127 3569 218 3624 vitam
233 3582 309 3622 suam
323 3558 460 3636 corrigere
473 3567 653 3636 negligebant.
676 3565 782 3622 Etenim
806 3565 926 3621 delectu·
976 3566 1071 3622 beatus
1084 3563 1200 3619 lacobus
1211 3560 1349 3630 subjurgat
1360 3575 1368 3615 :
1378 3560 1505 3626 Adulteri,
1518 3561 1623 3615 noscitis
1637 3561 1697 3632 quio
1707 3563 1771 3616 ond·

126 3660 234 3719 tantur
247 3661 292 3715 bic
312 3660 450 3716 luxuriose
472 3660 563 3715 vivere
586 3657 682 3715 diebus
701 3658 803 3733 prucis,
825 3671 875 3713 nec
897 3670 928 3712 se
977 3656 1039 3710 citio
1052 3655 1129 3725 injus
1143 3653 1233 3707 muudi
1245 3652 1401 3706 inimicaret
1413 3649 1488 3706 lieo?
1503 3649 1603 3722 Siquis
1615 3653 1771 3722 ergooolne·
1888 3708 1890 3711 ,

126 3753 284 3811 eredebant
296 3751 468 3823 postmodum
481 3761 493 3789 ⁸
504 3749 613 3805 ceterrris
626 3749 785 3804 cruciandos
794 3762 854 3803 esse
864 3761 929 3817 sup·
978 3748 1013 3802 rit
1025 3747 1123 3801 malcus
1135 3760 1191 3803 esve,
1206 3744 1282 3814 liujus
1294 3742 1393 3809 mundi,
1407 3742 1526 3796 inimicus
1541 3740 1590 3796 liei
1601 3743 1771 3796 corrrtitnetur

126 3843 234 3914 pliciis.
259 3838 403 3911 Propterea
426 3855 487 3896 cum
508 3839 596 3910 justos
614 3838 730 3893 uiderint
743 3837 770 3892 iu
785 3836 829 3893 illa
842 3836 928 3906 gloria
980 3835 1049 3910 (loc.
1061 3851 1098 3901 ιι,
1112 3833 1152 3902 l).
1176 3831 1302 3902 Quisquis
1315 3830 1398 3913 igitur
1418 3829 1554 3886 drobnans
1567 3845 1582 3885 a
1602 3830 1674 3911 malo
1689 3839 1716 3885 et
1731 3830 1771 3885 la-

127 3930 255 3988 iiliorum
270 3931 318 3986 liei
332 3931 365 3986 de
377 3945 430 4002 qua
442 3929 507 3985 dicit
526 3929 622 3985 beatus
636 3926 733 3982 Paulus
746 3943 753 3980 τ
766 3926 799 3981 lu
814 3943 863 3998 quo
875 3936 929 3980 ottr-
978 3928 1054 3984 ciens
1065 3925 1176 3991 bonum,
1202 3939 1251 3993 pro
1265 3923 1320 3979 suis
1337 3922 1522 3993 iniquitatibus
1536 3922 1562 3978 in
1577 3922 1703 3991 pnesenti
1716 3923 1772 3977 vita

127 4041 192 4078 mus
204 4032 233 4077 et
247 4022 389 4095 gloriemur
401 4024 429 4077 ir
448 4038 493 4093 ope
504 4021 595 4093 plurim
608 4020 723 4090 filiorum
736 4018 785 4073 liei
797 4018 886 4091 (Rom.
900 4036 928 4085 v,
978 4014 1165 4090 poenitentiam
1187 4014 1311 4083 gesserit,
1335 4020 1363 4067 et
1385 4026 1531 4068 conversus
1553 4011 1587 4065 ad
1609 4010 1693 4066 ὓιιιιιι
1714 4021 1772 4067 toto

126 4115 178 4185 ῆς
203 4120 272 4180 tuno
286 4113 369 4183 iniqui
383 4112 552 4168 mirabuntur
573 4112 600 4167 in
614 4109 699 4180 gloria
711 4109 855 4180 justorum,
877 4108 930 4164 boc
979 4108 1062 4164 corde
1076 4105 1155 4161 malis
1167 4101 1294 4175 operibus
1307 4102 1511 4167 renuntiaverit,
1526 4116 1589 4172 spes
1604 4101 1687 4171 ipsius
1703 4116 1773 4156 vana

127 4213 173 4260 cst
190 4202 310 4259 liliorum
323 4204 405 4275 386
417 4203 482 4265 llei;
507 4201 569 4270 quin
585 4200 634 4271 ipsi
648 4199 714 4269 justi
733 4207 795 4253 sunt
809 4196 855 4252 lilii
869 4197 928 4254 liei.
951 4228 956 4235 ·
980 4212 1036 4252 uon
1049 4194 1111 4250 erit.
1126 4192 1258 4249 Ceterum
1271 4189 1370 4247 imstra
1382 4190 1499 4261 seipsum
1513 4190 1633 4259 seducit,
1652 4192 1773 4261 quisquis

125 4293 287 4365 Propterea
298 4294 380 4363 iniqui
393 4291 578 4363 poenitentiam
592 4289 719 4346 steriliter
730 4288 792 4358 quia
803 4272 932 4359 intempo
979 4301 1030 4359 per
1039 4285 1122 4340 latam
1134 4291 1163 4339 et
1176 4282 1322 4354 spatiosam
1335 4280 1406 4335 ιὶιιιι
1421 4295 1450 4335 se
1460 4288 1652 4350 perventurum
1662 4280 1773 4335 arbitru-
1866 4352 1870 4360 .

125 4384 230 4440 ralitcr
245 4382 385 4449 babentes,
398 4390 426 4439 et
436 4397 485 4454 per
496 4379 645 4451 angustiam
660 4379 768 4450 spiritus
777 4385 929 4447 gementes:
982 4386 1026 4433 tur
1038 4375 1072 4432 ad
1091 4374 1175 4429 vitam
1196 4387 1279 4428 :cunr
1293 4371 1423 4427 Dominus
1443 4386 1492 4440 per
1514 4378 1616 4424 arctam
1637 4372 1709 4424 vimn
1723 4386 1775 4427 nus

126 4473 276 4541 &omorio
290 4475 428 4544 computoti
442 4483 501 4528 runt
515 4474 582 4526 inter
595 4472 664 4542 filios
679 4466 738 4534 Dei,
753 4478 778 4522 et
790 4470 859 4522 inter
872 4484 932 4522 ron·
979 4465 1073 4537 jubent
1086 4463 1235 4528 ambulare,
1250 4471 1331 4531 atque
1345 4467 1463 4527 anguste
1473 4466 1558 4529 portat
1569 4458 1646 4513 nobis
1659 4457 1774 4513 demon-

124 4577 187 4622 ιιιι
206 4581 268 4620 sora
279 4564 384 4619 illorum
395 4564 451 4619 est?
463 4560 599 4634 insperata
609 4573 674 4630 ergo
686 4559 768 4623 salus,
779 4558 806 4613 id
820 4567 861 4613 cst
870 4564 930 4628 quoe
941 4577 970 4637 D
981 4564 1049 4613 stret
1062 4554 1211 4617 introitum,
1234 4552 1314 4623 387
1329 4566 1378 4621 per
1390 4564 1470 4619 quem
1484 4549 1591 4603 venitur
1604 4549 1637 4603 ad
1649 4562 1771 4617 regnum.

122 4665 249 4729 sperata
257 4672 311 4711 uun
323 4664 366 4711 est
375 4655 409 4711 ab
416 4654 525 4725 iniquis,
535 4651 657 4722 prolecto
667 4649 744 4721 iustis
751 4648 866 4713 dabitur,
875 4661 930 4702 non
979 4643 1051 4700 Dicit
1063 4644 1134 4699 enirn
1150 4659 1157 4695 :
1174 4640 1275 4696 intrate
1288 4655 1335 4709 per
1348 4648 1487 4710 cognotam
1498 4648 1611 4708 portum.
1623 4635 1706 4701 Qum
1718 4638 1773 4692 luta

122 4749 251 4820 iniquis.
265 4748 324 4803 Non
337 4748 410 4805 enim
424 4747 531 4803 dabitur
545 4743 597 4800 illis
620 4742 667 4812 qui
689 4756 750 4798 eam
764 4737 931 4810 desperando
981 4726 1057 4809 'portu
1068 4734 1218 4805 etoputiosn
1231 4728 1652 4801 uioproducitudperditiouem,
1664 4729 1776 4783 etmulti

122 4842 207 4897 male
219 4840 333 4908 vivont,
348 4839 396 4896 sed
408 4839 462 4896 illis
482 4836 528 4908 qui
550 4850 610 4893 enm
623 4836 694 4891 bene
707 4832 849 4905 sperando,
874 4840 932 4888 ets
982 4831 1042 4880 rum
1064 4823 1108 4894 ιιι
1131 4822 1230 4875 intrant
1249 4835 1295 4887 per
1314 4818 1415 4888 ipram!
1430 4814 1515 4880 Quam
1538 4828 1648 4888 moneto
1661 4827 1737 4888 porto
1751 4829 1777 4872 et

122 4928 281 4988 desideriis
295 4928 446 4986 carnalibus
458 4924 628 4989 abstinendo,
643 4923 716 4979 beati
728 4922 800 4979 Petri
814 4920 933 4978 salubria
984 4922 1057 4969 urcto
1069 4914 1109 4967 tit
1123 4927 1180 4984 ιιι
1193 4910 1264 4970 ducii
1283 4908 1318 4963 ati
1334 4910 1423 4973 ulum,
1447 4916 1472 4961 et
1486 4908 1562 4978 parci
1576 4908 1692 4980 surripui
1706 4908 1777 4962 inte·

120 5020 268 5078 nrandata
282 5012 447 5082 custodiunt,
461 5015 575 5072 dicentis
586 5032 593 5069 ι
604 5011 866 5087 (3ιιίιιιιιιί,ιιιιιιιι
880 5020 935 5067 tort·
985 5008 1128 5063 plumeum
1142 5001 1249 5075 (lluttlr.
1264 5016 1310 5067 vu,
1325 4999 1369 5067 lb,
1386 4999 1445 5069 llll
1471 4999 1521 5053 Via
1544 5008 1636 5055 nostra
1656 5015 1777 5072 presens

120 5128 214 5185 quom
232 5109 347 5164 udrrouo
358 5118 434 5179 otone
446 5106 594 5178 peregrinos
615 5104 743 5159 obstinere
756 5119 801 5159 ror
815 5118 935 5157 ocurru-
988 5100 1042 5155 vita
1054 5104 1105 5163 est,
1121 5095 1153 5151 io
1175 5109 1228 5167 qua
1240 5093 1263 5148 si
1277 5093 1337 5162 quis
1357 5092 1461 5163 positus
1473 5090 1557 5146 verbo
1571 5090 1618 5145 liei
1643 5106 1697 5146 uon
1710 5106 1777 5147 eorr-

121 5200 203 5258 libuo
219 5198 369 5261 desideriis,
390 5198 446 5269 quie
459 5194 573 5250 militant
587 5192 711 5247 aduersos
724 5193 853 5257 unimem-
871 5207 934 5245 corr·
986 5187 1110 5252 senserit,
1124 5201 1178 5242 non
1193 5184 1308 5255 accipiet
1321 5182 1510 5238 remissionem
1524 5189 1713 5251 peceatomm3
1728 5181 1777 5237 sed

120 5296 313 5353 munionem
336 5306 446 5349 uestram
467 5292 535 5346 inter
553 5296 640 5363 peotes
660 5284 779 5340 linientes
803 5283 936 5356 iuuenili
987 5281 1015 5336 in
1027 5280 1091 5335 netu
1111 5285 1140 5332 et
1152 5275 1269 5332 stridore
1282 5272 1402 5330 dentium
1417 5272 1518 5341 lugebit
1535 5272 1594 5327 sine
1608 5270 1660 5328 line
1674 5272 1776 5344 suppli-

121 5385 211 5442 Petr.
234 5399 265 5451 ιι,
281 5353 338 5453 tr').
352 5381 404 5439 Per
414 5382 498 5453 ipsam
508 5380 608 5435 bonam
622 5375 854 5432 conversationem
869 5373 936 5443 justi
988 5372 1059 5451 ciunt
1074 5369 1087 5407 i
1105 5382 1177 5423 :nee
1200 5364 1333 5421 immerito
1357 5377 1492 5432 nunquam
1513 5361 1660 5417 merebitur
1683 5376 1777 5418 carere
1876 5431 1885 5445 ο

120 5463 936 5543 exbibentcorporusuabostiamviventem,sanctamiieo
989 5467 1133 5526 tormento,
1157 5456 1203 5529 qui
1225 5454 1344 5526 quandiu
1364 5454 1408 5509 bic
1422 5452 1500 5520 vixit,
1513 5450 1599 5507 noluit
1622 5452 1777 5507 renuntiare

119 5571 296 5644 placentem
308 5563 397 5640 (liuor.
414 5580 461 5627 ιιι,
478 5560 516 5635 l),
533 5558 595 5631 quia
610 5573 659 5629 per
678 5557 778 5645 bonam
791 5569 936 5612 conversa-
988 5557 1112 5625 peccato.

163 5787 180 5817 ⁸
197 5773 351 5836 lusurus,
365 5778 422 5839 port
434 5768 572 5824 modicurit.
694 5769 697 5775 '
929 5827 935 5841 .
992 5774 1045 5814 non
1059 5756 1160 5812 addunt
1174 5763 1308 5811 eternum

163 5849 181 5890 ¹·
200 5844 261 5902 bis.
276 5856 356 5906 unus,
378 5850 500 5894 uterorum
515 5840 570 5893 sine
586 5838 636 5893 irre
653 5838 817 5911 supplicium.
840 5830 936 5890 l'mterr

309 5934 446 5995 Parnon.
469 5930 565 5995 bxv.
1345 5935 1391 5980 nr
1538 5890 1571 5946 ¹⁸
