<?xml version="1.0" encoding="UTF-8"?>
<!DOCTYPE html PUBLIC "-//W3C//DTD XHTML 1.0 Transitional//EN"
    "http://www.w3.org/TR/xhtml1/DTD/xhtml1-transitional.dtd">
<html xmlns="http://www.w3.org/1999/xhtml" xml:lang="en" lang="en">
 <head>
  <title>
</title>
<meta http-equiv="Content-Type" content="text/html;charset=utf-8" />
  <meta name='ocr-system' content='tesseract 3.04.00' />
  <meta name='ocr-capabilities' content='ocr_page ocr_carea ocr_par ocr_line ocrx_word'/>
</head>
<body>
  <div class='ocr_page' id='page_1' title='image "./patrologiaecurs126unkngoog/patrologiaecurs126unkngoog_0037.png"; bbox 0 0 4106 6330; ppageno 0'>
   <div class='ocr_carea' id='block_1_1' title="bbox 119 314 1755 399">
    <p class='ocr_par' dir='ltr' id='par_1_1' title="bbox 119 314 1755 399">
     <span class='ocr_line' id='line_1_1' title="bbox 119 314 1755 399; baseline 0.013 -25"><span class='ocrx_word' id='word_1_1' title='bbox 119 314 159 374; x_wconf 74' lang='lat'><strong>⁰5</strong></span> <span class='ocrx_word' id='word_1_2' title='bbox 400 328 401 331; x_wconf 76' lang='grc'>’</span> <span class='ocrx_word' id='word_1_3' title='bbox 572 318 602 380; x_wconf 90' lang='lat' dir='ltr'><strong>S.</strong></span> <span class='ocrx_word' id='word_1_4' title='bbox 620 316 827 378; x_wconf 75' lang='lat' dir='ltr'><strong>Etuutttuutt</strong></span> <span class='ocrx_word' id='word_1_5' title='bbox 848 319 928 379; x_wconf 77' lang='lat' dir='ltr'><strong>t&#39;ttt</strong></span> <span class='ocrx_word' id='word_1_6' title='bbox 946 318 1107 383; x_wconf 78' lang='lat' dir='ltr'>AUCTORE</span> <span class='ocrx_word' id='word_1_7' title='bbox 1125 322 1303 389; x_wconf 75' lang='lat' dir='ltr'><strong>tutotuto.</strong></span> <span class='ocrx_word' id='word_1_8' title='bbox 1713 335 1755 399; x_wconf 77' lang='lat' dir='ltr'><strong>‚du</strong></span> 
     </span>
    </p>
   </div>
   <div class='ocr_carea' id='block_1_2' title="bbox 118 427 1759 977">
    <p class='ocr_par' dir='ltr' id='par_1_2' title="bbox 118 427 1759 977">
     <span class='ocr_line' id='line_1_2' title="bbox 121 427 1758 524; baseline 0.015 -41"><span class='ocrx_word' id='word_1_9' title='bbox 121 428 149 484; x_wconf 93' lang='lat' dir='ltr'><strong>in</strong></span> <span class='ocrx_word' id='word_1_10' title='bbox 167 428 269 487; x_wconf 64' lang='lat' dir='ltr'><strong>amerb</strong></span> <span class='ocrx_word' id='word_1_11' title='bbox 287 427 400 487; x_wconf 82' lang='lat' dir='ltr'><strong>Cantloo</strong></span> <span class='ocrx_word' id='word_1_12' title='bbox 424 429 513 502; x_wconf 79' lang='lat' dir='ltr'><strong>(Cant.</strong></span> <span class='ocrx_word' id='word_1_13' title='bbox 528 447 557 497; x_wconf 86' lang='lat' dir='ltr'><strong>n,</strong></span> <span class='ocrx_word' id='word_1_14' title='bbox 572 432 600 501; x_wconf 68' lang='lat'><strong>2)</strong></span> <span class='ocrx_word' id='word_1_15' title='bbox 618 451 624 486; x_wconf 93' lang='lat'>:</span> <span class='ocrx_word' id='word_1_16' title='bbox 640 433 716 489; x_wconf 82' lang='lat' dir='ltr'><strong>Sient</strong></span> <span class='ocrx_word' id='word_1_17' title='bbox 736 431 820 487; x_wconf 74' lang='lat' dir='ltr'><strong>lilium</strong></span> <span class='ocrx_word' id='word_1_18' title='bbox 845 434 914 488; x_wconf 86' lang='lat' dir='ltr'><strong>iuter</strong></span> <span class='ocrx_word' id='word_1_19' title='bbox 928 437 951 497; x_wconf 80' lang='grc' dir='ltr'>Α</span> <span class='ocrx_word' id='word_1_20' title='bbox 965 434 1124 492; x_wconf 87' lang='lat' dir='ltr'><strong>videbantur</strong></span> <span class='ocrx_word' id='word_1_21' title='bbox 1134 438 1244 495; x_wconf 89' lang='lat' dir='ltr'><strong>rediisse</strong></span> <span class='ocrx_word' id='word_1_22' title='bbox 1255 449 1374 512; x_wconf 90' lang='lat' dir='ltr'><strong>tempora</strong></span> <span class='ocrx_word' id='word_1_23' title='bbox 1385 444 1612 520; x_wconf 88' lang='lat' dir='ltr'><strong>propbetarum(l</strong></span> <span class='ocrx_word' id='word_1_24' title='bbox 1627 446 1703 504; x_wconf 67' lang='lat' dir='ltr'><strong>liodr.</strong></span> <span class='ocrx_word' id='word_1_25' title='bbox 1716 451 1758 524; x_wconf 86' lang='grc' dir='ltr'><strong>ιιι)</strong></span> 
     </span>
     <span class='ocr_line' id='line_1_3' title="bbox 118 519 1756 608; baseline 0.013 -34"><span class='ocrx_word' id='word_1_26' title='bbox 118 520 233 590; x_wconf 86' lang='lat' dir='ltr'><strong>spinas,</strong></span> <span class='ocrx_word' id='word_1_27' title='bbox 248 519 288 576; x_wconf 86' lang='lat' dir='ltr'><strong>eie</strong></span> <span class='ocrx_word' id='word_1_28' title='bbox 301 520 387 576; x_wconf 81' lang='lat' dir='ltr'><strong>amira</strong></span> <span class='ocrx_word' id='word_1_29' title='bbox 402 534 463 577; x_wconf 82' lang='lat' dir='ltr'><strong>mea</strong></span> <span class='ocrx_word' id='word_1_30' title='bbox 486 522 556 579; x_wconf 89' lang='lat' dir='ltr'><strong>iuter</strong></span> <span class='ocrx_word' id='word_1_31' title='bbox 578 520 655 580; x_wconf 82' lang='lat' dir='ltr'><strong>ilias.</strong></span> <span class='ocrx_word' id='word_1_32' title='bbox 679 521 762 593; x_wconf 89' lang='lat' dir='ltr'><strong>Spina</strong></span> <span class='ocrx_word' id='word_1_33' title='bbox 786 530 828 579; x_wconf 88' lang='lat' dir='ltr'><strong>est</strong></span> <span class='ocrx_word' id='word_1_34' title='bbox 846 524 915 579; x_wconf 80' lang='lat' dir='ltr'><strong>irrtrr</strong></span> <span class='ocrx_word' id='word_1_35' title='bbox 965 540 1025 581; x_wconf 86' lang='lat' dir='ltr'><strong>curn</strong></span> <span class='ocrx_word' id='word_1_36' title='bbox 1035 527 1238 585; x_wconf 80' lang='lat' dir='ltr'><strong>subzorobabrl</strong></span> <span class='ocrx_word' id='word_1_37' title='bbox 1249 525 1457 590; x_wconf 79' lang='lat' dir='ltr'><strong>&#39;reaedilloaretur</strong></span> <span class='ocrx_word' id='word_1_38' title='bbox 1465 537 1680 607; x_wconf 81' lang='lat' dir='ltr'><strong>templum.Quin</strong></span> <span class='ocrx_word' id='word_1_39' title='bbox 1689 536 1756 608; x_wconf 92' lang='lat' dir='ltr'><strong>imo,</strong></span> 
     </span>
     <span class='ocr_line' id='line_1_4' title="bbox 118 606 1757 697; baseline 0.018 -37"><span class='ocrx_word' id='word_1_40' title='bbox 118 607 234 677; x_wconf 87' lang='lat' dir='ltr'><strong>spinas,</strong></span> <span class='ocrx_word' id='word_1_41' title='bbox 256 606 327 663; x_wconf 87' lang='lat' dir='ltr'><strong>inter</strong></span> <span class='ocrx_word' id='word_1_42' title='bbox 347 608 480 680; x_wconf 88' lang='lat' dir='ltr'><strong>inquietos</strong></span> <span class='ocrx_word' id='word_1_43' title='bbox 501 610 655 681; x_wconf 80' lang='lat' dir='ltr'><strong>inquietus,</strong></span> <span class='ocrx_word' id='word_1_44' title='bbox 671 612 754 668; x_wconf 87' lang='lat' dir='ltr'><strong>lilium</strong></span> <span class='ocrx_word' id='word_1_45' title='bbox 767 613 836 668; x_wconf 89' lang='lat' dir='ltr'><strong>inter</strong></span> <span class='ocrx_word' id='word_1_46' title='bbox 849 613 913 679; x_wconf 88' lang='lat' dir='ltr'><strong>lilla,</strong></span> <span class='ocrx_word' id='word_1_47' title='bbox 963 618 1081 689; x_wconf 85' lang='lat' dir='ltr'><strong>iucunda</strong></span> <span class='ocrx_word' id='word_1_48' title='bbox 1095 638 1144 677; x_wconf 93' lang='lat' dir='ltr'><strong>nos</strong></span> <span class='ocrx_word' id='word_1_49' title='bbox 1160 622 1314 692; x_wconf 80' lang='lat' dir='ltr'><strong>imaginatio</strong></span> <span class='ocrx_word' id='word_1_50' title='bbox 1336 628 1470 697; x_wconf 75' lang='lat' dir='ltr'>protrahit</span> <span class='ocrx_word' id='word_1_51' title='bbox 1491 628 1524 684; x_wconf 88' lang='lat' dir='ltr'><strong>ad</strong></span> <span class='ocrx_word' id='word_1_52' title='bbox 1544 630 1757 689; x_wconf 80' lang='lat' dir='ltr'><strong>llaobabauomm</strong></span> 
     </span>
     <span class='ocr_line' id='line_1_5' title="bbox 119 697 1758 786; baseline 0.015 -29"><span class='ocrx_word' id='word_1_53' title='bbox 119 697 194 757; x_wconf 85' lang='lat' dir='ltr'><strong>iuter</strong></span> <span class='ocrx_word' id='word_1_54' title='bbox 206 697 392 769; x_wconf 70' lang='lat' dir='ltr'><strong>disciplinatos</strong></span> <span class='ocrx_word' id='word_1_55' title='bbox 414 698 561 771; x_wconf 84' lang='lat' dir='ltr'><strong>panibcus;</strong></span> <span class='ocrx_word' id='word_1_56' title='bbox 581 702 658 774; x_wconf 75' lang='lat' dir='ltr'><strong>spina</strong></span> <span class='ocrx_word' id='word_1_57' title='bbox 677 703 748 758; x_wconf 75' lang='lat' dir='ltr'><strong>inter</strong></span> <span class='ocrx_word' id='word_1_58' title='bbox 767 703 837 769; x_wconf 73' lang='lat' dir='ltr'><strong>lilia.</strong></span> <span class='ocrx_word' id='word_1_59' title='bbox 851 703 915 760; x_wconf 67' lang='lat' dir='ltr'><strong>Saul</strong></span> <span class='ocrx_word' id='word_1_60' title='bbox 966 712 1161 769; x_wconf 80' lang='lat' dir='ltr'><strong>consideranda</strong></span> <span class='ocrx_word' id='word_1_61' title='bbox 1176 721 1317 786; x_wconf 88' lang='lat' dir='ltr'><strong>tempora,</strong></span> <span class='ocrx_word' id='word_1_62' title='bbox 1339 734 1399 774; x_wconf 87' lang='lat' dir='ltr'><strong>cunr</strong></span> <span class='ocrx_word' id='word_1_63' title='bbox 1422 719 1565 775; x_wconf 83' lang='lat' dir='ltr'><strong>blachabaei</strong></span> <span class='ocrx_word' id='word_1_64' title='bbox 1586 721 1681 780; x_wconf 86' lang='lat' dir='ltr'><strong>imtres</strong></span> <span class='ocrx_word' id='word_1_65' title='bbox 1694 740 1758 781; x_wconf 90' lang='lat' dir='ltr'><strong>suos</strong></span> 
     </span>
     <span class='ocr_line' id='line_1_6' title="bbox 120 788 1759 883; baseline 0.02 -42"><span class='ocrx_word' id='word_1_66' title='bbox 120 788 194 843; x_wconf 91' lang='lat' dir='ltr'><strong>inter</strong></span> <span class='ocrx_word' id='word_1_67' title='bbox 207 788 354 859; x_wconf 84' lang='lat' dir='ltr'><strong>propbetas</strong></span> <span class='ocrx_word' id='word_1_68' title='bbox 366 805 373 842; x_wconf 79' lang='grc' dir='ltr'><strong>ι</strong></span> <span class='ocrx_word' id='word_1_69' title='bbox 386 788 435 844; x_wconf 83' lang='lat' dir='ltr'><strong>sed</strong></span> <span class='ocrx_word' id='word_1_70' title='bbox 445 804 506 846; x_wconf 85' lang='lat' dir='ltr'><strong>eum</strong></span> <span class='ocrx_word' id='word_1_71' title='bbox 520 790 554 846; x_wconf 81' lang='lat' dir='ltr'><strong>iis</strong></span> <span class='ocrx_word' id='word_1_72' title='bbox 565 791 610 861; x_wconf 84' lang='lat' dir='ltr'><strong>qui</strong></span> <span class='ocrx_word' id='word_1_73' title='bbox 624 790 740 848; x_wconf 78' lang='lat' dir='ltr'><strong>oderunt</strong></span> <span class='ocrx_word' id='word_1_74' title='bbox 751 802 846 864; x_wconf 74' lang='lat' dir='ltr'><strong>pacem</strong></span> <span class='ocrx_word' id='word_1_75' title='bbox 857 801 916 849; x_wconf 68' lang='lat' dir='ltr'><strong>erat</strong></span> <span class='ocrx_word' id='word_1_76' title='bbox 967 802 1104 875; x_wconf 88' lang='lat' dir='ltr'><strong>dispersos</strong></span> <span class='ocrx_word' id='word_1_77' title='bbox 1124 817 1269 871; x_wconf 84' lang='lat' dir='ltr'><strong>revocant,</strong></span> <span class='ocrx_word' id='word_1_78' title='bbox 1289 807 1364 877; x_wconf 87' lang='lat' dir='ltr'><strong>leges</strong></span> <span class='ocrx_word' id='word_1_79' title='bbox 1382 811 1472 879; x_wconf 89' lang='lat' dir='ltr'><strong>lapsas</strong></span> <span class='ocrx_word' id='word_1_80' title='bbox 1485 812 1610 883; x_wconf 83' lang='lat' dir='ltr'><strong>erigunt,</strong></span> <span class='ocrx_word' id='word_1_81' title='bbox 1629 828 1759 873; x_wconf 80' lang='lat' dir='ltr'><strong>renouant</strong></span> 
     </span>
     <span class='ocr_line' id='line_1_7' title="bbox 119 877 1759 977; baseline 0.013 -36"><span class='ocrx_word' id='word_1_82' title='bbox 119 877 262 949; x_wconf 58' lang='lat' dir='ltr'><strong>pacificum</strong></span> <span class='ocrx_word' id='word_1_83' title='bbox 277 886 306 935; x_wconf 69' lang='lat' dir='ltr'><strong>el</strong></span> <span class='ocrx_word' id='word_1_84' title='bbox 317 879 357 936; x_wconf 69' lang='lat' dir='ltr'><strong>tlt</strong></span> <span class='ocrx_word' id='word_1_85' title='bbox 371 879 456 936; x_wconf 68' lang='lat' dir='ltr'><strong>lilium</strong></span> <span class='ocrx_word' id='word_1_86' title='bbox 470 881 542 938; x_wconf 67' lang='lat' dir='ltr'><strong>luter</strong></span> <span class='ocrx_word' id='word_1_87' title='bbox 552 882 653 952; x_wconf 83' lang='lat' dir='ltr'><strong>spinas.</strong></span> <span class='ocrx_word' id='word_1_88' title='bbox 966 896 1150 962; x_wconf 73' lang='lat' dir='ltr'><strong>ceremonias,</strong></span> <span class='ocrx_word' id='word_1_89' title='bbox 1164 898 1293 977; x_wconf 86' lang='lat' dir='ltr'><strong>mundant</strong></span> <span class='ocrx_word' id='word_1_90' title='bbox 1304 915 1390 967; x_wconf 88' lang='lat' dir='ltr'><strong>sacra,</strong></span> <span class='ocrx_word' id='word_1_91' title='bbox 1405 899 1502 958; x_wconf 89' lang='lat' dir='ltr'><strong>damna</strong></span> <span class='ocrx_word' id='word_1_92' title='bbox 1515 903 1601 975; x_wconf 70' lang='lat' dir='ltr'><strong>longe</strong></span> <span class='ocrx_word' id='word_1_93' title='bbox 1614 905 1759 963; x_wconf 89' lang='lat' dir='ltr'><strong>desolatio-</strong></span> 
     </span>
    </p>
   </div>
   <div class='ocr_carea' id='block_1_3' title="bbox 117 982 1816 3237">
    <p class='ocr_par' dir='ltr' id='par_1_3' title="bbox 117 982 1816 3237">
     <span class='ocr_line' id='line_1_8' title="bbox 156 982 1758 1065; baseline 0.009 -26"><span class='ocrx_word' id='word_1_94' title='bbox 156 992 165 1022; x_wconf 90' lang='lat'><strong>¹</strong></span> <span class='ocrx_word' id='word_1_95' title='bbox 186 988 213 1044; x_wconf 78' lang='grc'><strong>9.</strong></span> <span class='ocrx_word' id='word_1_96' title='bbox 234 989 346 1065; x_wconf 67' lang='lat' dir='ltr'><strong>Factum</strong></span> <span class='ocrx_word' id='word_1_97' title='bbox 365 998 407 1048; x_wconf 74' lang='lat' dir='ltr'><strong>est</strong></span> <span class='ocrx_word' id='word_1_98' title='bbox 419 982 551 1049; x_wconf 57' lang='lat' dir='ltr'><strong>autemid</strong></span> <span class='ocrx_word' id='word_1_99' title='bbox 564 993 659 1050; x_wconf 63' lang='lat' dir='ltr'><strong>diebus</strong></span> <span class='ocrx_word' id='word_1_100' title='bbox 672 994 736 1065; x_wconf 61' lang='lat' dir='ltr'><strong>inis,</strong></span> <span class='ocrx_word' id='word_1_101' title='bbox 751 1002 780 1051; x_wconf 73' lang='lat' dir='ltr'><strong>ur</strong></span> <span class='ocrx_word' id='word_1_102' title='bbox 795 997 917 1055; x_wconf 62' lang='lat' dir='ltr'><strong>tribunus</strong></span> <span class='ocrx_word' id='word_1_103' title='bbox 967 985 1008 1040; x_wconf 89' lang='lat' dir='ltr'><strong>nis</strong></span> <span class='ocrx_word' id='word_1_104' title='bbox 1020 987 1120 1042; x_wconf 84' lang='lat' dir='ltr'><strong>eximio</strong></span> <span class='ocrx_word' id='word_1_105' title='bbox 1140 987 1246 1044; x_wconf 84' lang='lat' dir='ltr'><strong>uirtutis</strong></span> <span class='ocrx_word' id='word_1_106' title='bbox 1269 990 1427 1060; x_wconf 83' lang='lat' dir='ltr'><strong>eonrpendio</strong></span> <span class='ocrx_word' id='word_1_107' title='bbox 1449 992 1622 1052; x_wconf 77' lang='lat' dir='ltr'><strong>redimentes.</strong></span> <span class='ocrx_word' id='word_1_108' title='bbox 1643 995 1758 1053; x_wconf 80' lang='lat' dir='ltr'><strong>lieoola-</strong></span> 
     </span>
     <span class='ocr_line' id='line_1_9' title="bbox 119 1077 1757 1157; baseline 0.015 -38"><span class='ocrx_word' id='word_1_109' title='bbox 119 1080 344 1148; x_wconf 56' lang='lat' dir='ltr'><strong>·sfflnggnempg‚</strong></span> <span class='ocrx_word' id='word_1_110' title='bbox 353 1081 917 1156; x_wconf 55' lang='lat' dir='ltr'><strong>quaerum-namus}pmmejvprargcon.</strong></span> <span class='ocrx_word' id='word_1_111' title='bbox 952 1084 954 1093; x_wconf 64' lang='lat'>‘</span> <span class='ocrx_word' id='word_1_112' title='bbox 967 1093 1026 1133; x_wconf 89' lang='lat' dir='ltr'><strong>mus</strong></span> <span class='ocrx_word' id='word_1_113' title='bbox 1039 1077 1166 1135; x_wconf 74' lang='lat' dir='ltr'><strong>Ecclesiae</strong></span> <span class='ocrx_word' id='word_1_114' title='bbox 1181 1082 1316 1136; x_wconf 85' lang='lat' dir='ltr'><strong>nascentis</strong></span> <span class='ocrx_word' id='word_1_115' title='bbox 1329 1081 1486 1150; x_wconf 76' lang='lat' dir='ltr'><strong>infantiam,</strong></span> <span class='ocrx_word' id='word_1_116' title='bbox 1498 1100 1645 1157; x_wconf 89' lang='lat' dir='ltr'><strong>paupemm</strong></span> <span class='ocrx_word' id='word_1_117' title='bbox 1659 1088 1757 1144; x_wconf 84' lang='lat' dir='ltr'><strong>Gbristi</strong></span> 
     </span>
     <span class='ocr_line' id='line_1_10' title="bbox 118 1170 1755 1246; baseline 0.005 -19"><span class='ocrx_word' id='word_1_118' title='bbox 118 1170 241 1239; x_wconf 84' lang='lat' dir='ltr'><strong>gregatis</strong></span> <span class='ocrx_word' id='word_1_119' title='bbox 251 1170 403 1228; x_wconf 89' lang='lat' dir='ltr'><strong>senioribus</strong></span> <span class='ocrx_word' id='word_1_120' title='bbox 415 1172 516 1244; x_wconf 88' lang='lat' dir='ltr'><strong>popuii,</strong></span> <span class='ocrx_word' id='word_1_121' title='bbox 532 1186 593 1230; x_wconf 88' lang='lat' dir='ltr'><strong>eum</strong></span> <span class='ocrx_word' id='word_1_122' title='bbox 607 1173 736 1232; x_wconf 74' lang='lat' dir='ltr'><strong>effrenata</strong></span> <span class='ocrx_word' id='word_1_123' title='bbox 748 1178 917 1236; x_wconf 70' lang='lat' dir='ltr'><strong>multitudine</strong></span> <span class='ocrx_word' id='word_1_124' title='bbox 967 1178 1076 1234; x_wconf 87' lang='lat' dir='ltr'><strong>statum,</strong></span> <span class='ocrx_word' id='word_1_125' title='bbox 1091 1170 1243 1226; x_wconf 81' lang='lat' dir='ltr'><strong>ridebimus</strong></span> <span class='ocrx_word' id='word_1_126' title='bbox 1256 1173 1423 1229; x_wconf 82' lang='lat' dir='ltr'>consimilem</span> <span class='ocrx_word' id='word_1_127' title='bbox 1437 1175 1596 1234; x_wconf 89' lang='lat' dir='ltr'><strong>humilitatis</strong></span> <span class='ocrx_word' id='word_1_128' title='bbox 1608 1180 1755 1246; x_wconf 87' lang='lat' dir='ltr'><strong>modulum,</strong></span> 
     </span>
     <span class='ocr_line' id='line_1_11' title="bbox 118 1259 1758 1340; baseline 0.009 -27"><span class='ocrx_word' id='word_1_129' title='bbox 118 1259 272 1329; x_wconf 74' lang='lat' dir='ltr'><strong>paganismi</strong></span> <span class='ocrx_word' id='word_1_130' title='bbox 295 1259 453 1318; x_wconf 77' lang='lat' dir='ltr'>decerneret</span> <span class='ocrx_word' id='word_1_131' title='bbox 468 1261 496 1317; x_wconf 92' lang='lat' dir='ltr'><strong>in</strong></span> <span class='ocrx_word' id='word_1_132' title='bbox 508 1263 666 1331; x_wconf 77' lang='lat' dir='ltr'><strong>communi,</strong></span> <span class='ocrx_word' id='word_1_133' title='bbox 682 1273 712 1319; x_wconf 82' lang='lat' dir='ltr'><strong>ur</strong></span> <span class='ocrx_word' id='word_1_134' title='bbox 734 1266 792 1321; x_wconf 73' lang='lat' dir='ltr'><strong>sinn</strong></span> <span class='ocrx_word' id='word_1_135' title='bbox 810 1265 916 1322; x_wconf 69' lang='lat' dir='ltr'><strong>delectu</strong></span> <span class='ocrx_word' id='word_1_136' title='bbox 967 1275 983 1313; x_wconf 89' lang='lat' dir='ltr'><strong>a</strong></span> <span class='ocrx_word' id='word_1_137' title='bbox 998 1275 1052 1330; x_wconf 81' lang='lat' dir='ltr'><strong>quo</strong></span> <span class='ocrx_word' id='word_1_138' title='bbox 1063 1261 1177 1329; x_wconf 77' lang='lat' dir='ltr'><strong>sumpsit</strong></span> <span class='ocrx_word' id='word_1_139' title='bbox 1187 1261 1302 1318; x_wconf 88' lang='lat' dir='ltr'><strong>ecclesia</strong></span> <span class='ocrx_word' id='word_1_140' title='bbox 1315 1260 1492 1324; x_wconf 85' lang='lat' dir='ltr'><strong>Tornaeensis</strong></span> <span class='ocrx_word' id='word_1_141' title='bbox 1503 1267 1642 1324; x_wconf 82' lang='lat' dir='ltr'>exordium</span> <span class='ocrx_word' id='word_1_142' title='bbox 1656 1278 1683 1325; x_wconf 89' lang='lat' dir='ltr'><strong>et</strong></span> <span class='ocrx_word' id='word_1_143' title='bbox 1695 1287 1758 1340; x_wconf 87' lang='lat' dir='ltr'><strong>pro-</strong></span> 
     </span>
     <span class='ocr_line' id='line_1_12' title="bbox 117 1348 1756 1429; baseline 0.007 -25"><span class='ocrx_word' id='word_1_144' title='bbox 117 1349 287 1406; x_wconf 84' lang='lat' dir='ltr'><strong>eoaditionis</strong></span> <span class='ocrx_word' id='word_1_145' title='bbox 299 1357 347 1405; x_wconf 88' lang='lat' dir='ltr'><strong>ant</strong></span> <span class='ocrx_word' id='word_1_146' title='bbox 359 1363 440 1406; x_wconf 87' lang='lat' dir='ltr'><strong>sexus</strong></span> <span class='ocrx_word' id='word_1_147' title='bbox 454 1350 637 1408; x_wconf 75' lang='lat' dir='ltr'><strong>indifferenter</strong></span> <span class='ocrx_word' id='word_1_148' title='bbox 648 1356 742 1409; x_wconf 85' lang='lat' dir='ltr'><strong>omnes</strong></span> <span class='ocrx_word' id='word_1_149' title='bbox 756 1351 819 1409; x_wconf 87' lang='lat' dir='ltr'><strong>tidei</strong></span> <span class='ocrx_word' id='word_1_150' title='bbox 838 1353 917 1410; x_wconf 85' lang='lat' dir='ltr'><strong>Chri·</strong></span> <span class='ocrx_word' id='word_1_151' title='bbox 968 1362 1099 1418; x_wconf 78' lang='lat' dir='ltr'><strong>gressum·</strong></span> <span class='ocrx_word' id='word_1_152' title='bbox 1128 1349 1186 1406; x_wconf 88' lang='lat' dir='ltr'><strong>Non</strong></span> <span class='ocrx_word' id='word_1_153' title='bbox 1210 1348 1246 1406; x_wconf 82' lang='lat' dir='ltr'><strong>de</strong></span> <span class='ocrx_word' id='word_1_154' title='bbox 1268 1351 1397 1409; x_wconf 86' lang='lat' dir='ltr'><strong>lateribus</strong></span> <span class='ocrx_word' id='word_1_155' title='bbox 1419 1354 1478 1424; x_wconf 80' lang='lat' dir='ltr'><strong>eius</strong></span> <span class='ocrx_word' id='word_1_156' title='bbox 1499 1358 1591 1412; x_wconf 86' lang='lat' dir='ltr'><strong>arvina</strong></span> <span class='ocrx_word' id='word_1_157' title='bbox 1614 1359 1756 1429; x_wconf 84' lang='lat' dir='ltr'><strong>pendebat,</strong></span> 
     </span>
     <span class='ocr_line' id='line_1_13' title="bbox 119 1432 1759 1518; baseline 0.006 -25"><span class='ocrx_word' id='word_1_158' title='bbox 119 1440 218 1495; x_wconf 73' lang='lat' dir='ltr'><strong>suane</strong></span> <span class='ocrx_word' id='word_1_159' title='bbox 231 1440 350 1497; x_wconf 79' lang='lat' dir='ltr'><strong>cultores</strong></span> <span class='ocrx_word' id='word_1_160' title='bbox 362 1442 397 1497; x_wconf 85' lang='lat' dir='ltr'><strong>ab</strong></span> <span class='ocrx_word' id='word_1_161' title='bbox 409 1441 476 1497; x_wconf 89' lang='lat' dir='ltr'><strong>urbe</strong></span> <span class='ocrx_word' id='word_1_162' title='bbox 489 1441 613 1499; x_wconf 77' lang='lat' dir='ltr'><strong>Temnon</strong></span> <span class='ocrx_word' id='word_1_163' title='bbox 627 1458 687 1499; x_wconf 83' lang='lat' dir='ltr'><strong>curn</strong></span> <span class='ocrx_word' id='word_1_164' title='bbox 701 1444 846 1514; x_wconf 77' lang='lat' dir='ltr'><strong>ignominia</strong></span> <span class='ocrx_word' id='word_1_165' title='bbox 860 1445 917 1518; x_wconf 72' lang='lat' dir='ltr'><strong>pel.</strong></span> <span class='ocrx_word' id='word_1_166' title='bbox 968 1437 1075 1509; x_wconf 90' lang='lat' dir='ltr'><strong>quando</strong></span> <span class='ocrx_word' id='word_1_167' title='bbox 1095 1439 1184 1495; x_wconf 91' lang='lat' dir='ltr'><strong>nullus</strong></span> <span class='ocrx_word' id='word_1_168' title='bbox 1202 1440 1339 1510; x_wconf 88' lang='lat' dir='ltr'><strong>proprium</strong></span> <span class='ocrx_word' id='word_1_169' title='bbox 1359 1432 1459 1513; x_wconf 90' lang='lat' dir='ltr'><strong>aliquid</strong></span> <span class='ocrx_word' id='word_1_170' title='bbox 1478 1445 1624 1501; x_wconf 80' lang='lat' dir='ltr'><strong>asserebat.</strong></span> <span class='ocrx_word' id='word_1_171' title='bbox 1648 1446 1702 1503; x_wconf 87' lang='lat' dir='ltr'><strong>Sed</strong></span> <span class='ocrx_word' id='word_1_172' title='bbox 1724 1464 1759 1506; x_wconf 91' lang='lat' dir='ltr'><strong>ne</strong></span> 
     </span>
     <span class='ocr_line' id='line_1_14' title="bbox 120 1531 1759 1612; baseline 0.007 -28"><span class='ocrx_word' id='word_1_173' title='bbox 120 1531 253 1598; x_wconf 65' lang='lat' dir='ltr'><strong>urentur,</strong></span> <span class='ocrx_word' id='word_1_174' title='bbox 268 1538 297 1588; x_wconf 90' lang='lat' dir='ltr'><strong>et</strong></span> <span class='ocrx_word' id='word_1_175' title='bbox 315 1532 372 1589; x_wconf 90' lang='lat' dir='ltr'><strong>suis</strong></span> <span class='ocrx_word' id='word_1_176' title='bbox 386 1533 496 1589; x_wconf 90' lang='lat' dir='ltr'><strong>omuino</strong></span> <span class='ocrx_word' id='word_1_177' title='bbox 512 1535 724 1606; x_wconf 82' lang='lat' dir='ltr'><strong>possessionibus</strong></span> <span class='ocrx_word' id='word_1_178' title='bbox 737 1536 916 1607; x_wconf 75' lang='lat' dir='ltr'><strong>privarentur.</strong></span> <span class='ocrx_word' id='word_1_179' title='bbox 967 1533 1043 1602; x_wconf 86' lang='lat' dir='ltr'><strong>plebs</strong></span> <span class='ocrx_word' id='word_1_180' title='bbox 1066 1533 1173 1588; x_wconf 89' lang='lat' dir='ltr'><strong>humilis</strong></span> <span class='ocrx_word' id='word_1_181' title='bbox 1196 1533 1271 1590; x_wconf 84' lang='lat' dir='ltr'><strong>uelut</strong></span> <span class='ocrx_word' id='word_1_182' title='bbox 1292 1536 1421 1607; x_wconf 84' lang='lat' dir='ltr'><strong>aeepbala</strong></span> <span class='ocrx_word' id='word_1_183' title='bbox 1436 1552 1494 1608; x_wconf 86' lang='lat' dir='ltr'><strong>per</strong></span> <span class='ocrx_word' id='word_1_184' title='bbox 1513 1538 1628 1595; x_wconf 76' lang='lat' dir='ltr'><strong>licentiae</strong></span> <span class='ocrx_word' id='word_1_185' title='bbox 1649 1556 1759 1612; x_wconf 85' lang='lat' dir='ltr'><strong>campos</strong></span> 
     </span>
     <span class='ocr_line' id='line_1_15' title="bbox 120 1619 1816 1699; baseline 0.005 -21"><span class='ocrx_word' id='word_1_186' title='bbox 120 1619 314 1692; x_wconf 81' lang='lat' dir='ltr'><strong>Propellontur</strong></span> <span class='ocrx_word' id='word_1_187' title='bbox 339 1622 421 1693; x_wconf 93' lang='lat' dir='ltr'><strong>igitur</strong></span> <span class='ocrx_word' id='word_1_188' title='bbox 443 1622 477 1678; x_wconf 88' lang='lat' dir='ltr'><strong>ad</strong></span> <span class='ocrx_word' id='word_1_189' title='bbox 495 1623 618 1693; x_wconf 80' lang='lat' dir='ltr'><strong>injuriam</strong></span> <span class='ocrx_word' id='word_1_190' title='bbox 636 1622 736 1681; x_wconf 82' lang='lat' dir='ltr'><strong>Christi</strong></span> <span class='ocrx_word' id='word_1_191' title='bbox 758 1626 877 1682; x_wconf 81' lang='lat' dir='ltr'>Serenus</span> <span class='ocrx_word' id='word_1_192' title='bbox 890 1637 918 1683; x_wconf 92' lang='lat' dir='ltr'><strong>et</strong></span> <span class='ocrx_word' id='word_1_193' title='bbox 967 1636 1045 1692; x_wconf 87' lang='lat' dir='ltr'><strong>uaga,</strong></span> <span class='ocrx_word' id='word_1_194' title='bbox 1060 1624 1103 1679; x_wconf 82' lang='lat' dir='ltr'><strong>nel</strong></span> <span class='ocrx_word' id='word_1_195' title='bbox 1119 1633 1130 1661; x_wconf 79' lang='lat'>⁸</span> <span class='ocrx_word' id='word_1_196' title='bbox 1148 1631 1216 1680; x_wconf 89' lang='lat' dir='ltr'><strong>tetre</strong></span> <span class='ocrx_word' id='word_1_197' title='bbox 1237 1640 1286 1695; x_wconf 91' lang='lat' dir='ltr'><strong>per</strong></span> <span class='ocrx_word' id='word_1_198' title='bbox 1303 1625 1418 1683; x_wconf 72' lang='lat' dir='ltr'><strong>hareses</strong></span> <span class='ocrx_word' id='word_1_199' title='bbox 1431 1627 1539 1699; x_wconf 83' lang='lat' dir='ltr'><strong>dyscola</strong></span> <span class='ocrx_word' id='word_1_200' title='bbox 1558 1629 1684 1699; x_wconf 89' lang='lat' dir='ltr'><strong>perieulis</strong></span> <span class='ocrx_word' id='word_1_201' title='bbox 1697 1632 1760 1686; x_wconf 68' lang='lat' dir='ltr'><strong>subs</strong></span> <span class='ocrx_word' id='word_1_202' title='bbox 1807 1648 1816 1665; x_wconf 90' lang='lat'><strong>·</strong></span> 
     </span>
     <span class='ocr_line' id='line_1_16' title="bbox 120 1711 1761 1787; baseline 0.005 -18"><span class='ocrx_word' id='word_1_203' title='bbox 120 1713 224 1769; x_wconf 68' lang='lat' dir='ltr'><strong>menda</strong></span> <span class='ocrx_word' id='word_1_204' title='bbox 248 1723 276 1770; x_wconf 92' lang='lat' dir='ltr'><strong>et</strong></span> <span class='ocrx_word' id='word_1_205' title='bbox 296 1715 392 1770; x_wconf 87' lang='lat' dir='ltr'><strong>unicus</strong></span> <span class='ocrx_word' id='word_1_206' title='bbox 415 1729 510 1770; x_wconf 88' lang='lat' dir='ltr'><strong>eorum</strong></span> <span class='ocrx_word' id='word_1_207' title='bbox 533 1714 603 1771; x_wconf 87' lang='lat' dir='ltr'><strong>dlios</strong></span> <span class='ocrx_word' id='word_1_208' title='bbox 616 1713 785 1773; x_wconf 82' lang='lat' dir='ltr'><strong>Elentberius</strong></span> <span class='ocrx_word' id='word_1_209' title='bbox 803 1716 838 1773; x_wconf 91' lang='lat' dir='ltr'><strong>ab</strong></span> <span class='ocrx_word' id='word_1_210' title='bbox 852 1718 918 1774; x_wconf 90' lang='lat' dir='ltr'><strong>urbe</strong></span> <span class='ocrx_word' id='word_1_211' title='bbox 964 1711 1086 1777; x_wconf 88' lang='lat' dir='ltr'><strong>deretur,</strong></span> <span class='ocrx_word' id='word_1_212' title='bbox 1099 1711 1256 1769; x_wconf 70' lang='lat' dir='ltr'><strong>Theodotus</strong></span> <span class='ocrx_word' id='word_1_213' title='bbox 1270 1714 1421 1784; x_wconf 89' lang='lat' dir='ltr'><strong>inprimum</strong></span> <span class='ocrx_word' id='word_1_214' title='bbox 1436 1717 1591 1787; x_wconf 69' lang='lat' dir='ltr'><strong>episcopum!</strong></span> <span class='ocrx_word' id='word_1_215' title='bbox 1606 1716 1761 1775; x_wconf 74' lang='lat' dir='ltr'><strong>rumaren..</strong></span> 
     </span>
     <span class='ocr_line' id='line_1_17' title="bbox 118 1800 1759 1876; baseline 0.001 -14"><span class='ocrx_word' id='word_1_216' title='bbox 118 1804 259 1872; x_wconf 74' lang='lat' dir='ltr'><strong>Torusei,</strong></span> <span class='ocrx_word' id='word_1_217' title='bbox 284 1804 400 1875; x_wconf 86' lang='lat' dir='ltr'><strong>propriis</strong></span> <span class='ocrx_word' id='word_1_218' title='bbox 421 1804 513 1860; x_wconf 89' lang='lat' dir='ltr'><strong>nudati</strong></span> <span class='ocrx_word' id='word_1_219' title='bbox 537 1804 771 1876; x_wconf 77' lang='lat' dir='ltr'><strong>possessionibus,</strong></span> <span class='ocrx_word' id='word_1_220' title='bbox 798 1804 918 1862; x_wconf 90' lang='lat' dir='ltr'><strong>destituti</strong></span> <span class='ocrx_word' id='word_1_221' title='bbox 934 1808 1027 1869; x_wconf 83' lang='lat' dir='ltr'><strong>Bsem</strong></span> <span class='ocrx_word' id='word_1_222' title='bbox 1049 1816 1064 1855; x_wconf 90' lang='lat' dir='ltr'><strong>a</strong></span> <span class='ocrx_word' id='word_1_223' title='bbox 1088 1803 1181 1871; x_wconf 83' lang='lat' dir='ltr'><strong>paucis</strong></span> <span class='ocrx_word' id='word_1_224' title='bbox 1203 1800 1326 1860; x_wconf 89' lang='lat' dir='ltr'><strong>tidelibus</strong></span> <span class='ocrx_word' id='word_1_225' title='bbox 1350 1804 1533 1862; x_wconf 89' lang='lat' dir='ltr'><strong>oonllrmatur.</strong></span> <span class='ocrx_word' id='word_1_226' title='bbox 1558 1805 1611 1864; x_wconf 83' lang='lat' dir='ltr'><strong>Sed</strong></span> <span class='ocrx_word' id='word_1_227' title='bbox 1628 1808 1638 1847; x_wconf 80' lang='lat'><em>¹</em></span> <span class='ocrx_word' id='word_1_228' title='bbox 1658 1808 1759 1865; x_wconf 90' lang='lat' dir='ltr'><strong>interiit</strong></span> 
     </span>
     <span class='ocr_line' id='line_1_18' title="bbox 120 1890 1760 1972; baseline 0.005 -25"><span class='ocrx_word' id='word_1_229' title='bbox 120 1900 230 1971; x_wconf 44' lang='lat' dir='ltr'><strong>prediis</strong></span> <span class='ocrx_word' id='word_1_230' title='bbox 244 1908 272 1957; x_wconf 59' lang='grc' dir='ltr'><strong>ει</strong></span> <span class='ocrx_word' id='word_1_231' title='bbox 287 1899 372 1971; x_wconf 69' lang='lat' dir='ltr'><strong>gloria</strong></span> <span class='ocrx_word' id='word_1_232' title='bbox 390 1900 543 1972; x_wconf 64' lang='lat' dir='ltr'><strong>temporali,</strong></span> <span class='ocrx_word' id='word_1_233' title='bbox 564 1899 617 1956; x_wconf 61' lang='lat' dir='ltr'><strong>sed</strong></span> <span class='ocrx_word' id='word_1_234' title='bbox 631 1900 736 1956; x_wconf 66' lang='lat' dir='ltr'><strong>virentis</strong></span> <span class='ocrx_word' id='word_1_235' title='bbox 749 1899 917 1970; x_wconf 63' lang='lat' dir='ltr'><strong>exercitium,</strong></span> <span class='ocrx_word' id='word_1_236' title='bbox 969 1890 1059 1945; x_wconf 81' lang='lat' dir='ltr'><strong>ditirro</strong></span> <span class='ocrx_word' id='word_1_237' title='bbox 1073 1905 1216 1961; x_wconf 84' lang='lat' dir='ltr'><strong>percussus</strong></span> <span class='ocrx_word' id='word_1_238' title='bbox 1228 1893 1341 1964; x_wconf 85' lang='lat' dir='ltr'><strong>spiculo,</strong></span> <span class='ocrx_word' id='word_1_239' title='bbox 1357 1910 1502 1965; x_wconf 87' lang='lat' dir='ltr'><strong>paucorum</strong></span> <span class='ocrx_word' id='word_1_240' title='bbox 1514 1896 1623 1953; x_wconf 71' lang='lat' dir='ltr'><strong>‘dierum</strong></span> <span class='ocrx_word' id='word_1_241' title='bbox 1639 1907 1760 1969; x_wconf 87' lang='lat' dir='ltr'><strong>temporo</strong></span> 
     </span>
     <span class='ocr_line' id='line_1_19' title="bbox 121 1980 1760 2062; baseline 0.002 -19"><span class='ocrx_word' id='word_1_242' title='bbox 121 1991 195 2061; x_wconf 79' lang='lat' dir='ltr'><strong>quod</strong></span> <span class='ocrx_word' id='word_1_243' title='bbox 210 1991 327 2046; x_wconf 85' lang='lat' dir='ltr'><strong>latuerat</strong></span> <span class='ocrx_word' id='word_1_244' title='bbox 340 1991 368 2046; x_wconf 91' lang='lat' dir='ltr'><strong>in</strong></span> <span class='ocrx_word' id='word_1_245' title='bbox 382 1990 580 2062; x_wconf 79' lang='lat' dir='ltr'><strong>prosperitate,</strong></span> <span class='ocrx_word' id='word_1_246' title='bbox 602 1989 686 2058; x_wconf 87' lang='lat' dir='ltr'><strong>magis</strong></span> <span class='ocrx_word' id='word_1_247' title='bbox 699 1989 828 2057; x_wconf 84' lang='lat' dir='ltr'><strong>armagis</strong></span> <span class='ocrx_word' id='word_1_248' title='bbox 840 1989 919 2045; x_wconf 91' lang='lat' dir='ltr'><strong>inno-</strong></span> <span class='ocrx_word' id='word_1_249' title='bbox 968 1980 1087 2038; x_wconf 84' lang='lat' dir='ltr'><strong>evoluto.</strong></span> <span class='ocrx_word' id='word_1_250' title='bbox 1100 1982 1145 2038; x_wconf 86' lang='lat' dir='ltr'><strong>Sic</strong></span> <span class='ocrx_word' id='word_1_251' title='bbox 1154 1995 1203 2052; x_wconf 87' lang='lat' dir='ltr'><strong>per</strong></span> <span class='ocrx_word' id='word_1_252' title='bbox 1212 1985 1353 2054; x_wconf 71' lang='lat' dir='ltr'><strong>apostaslse</strong></span> <span class='ocrx_word' id='word_1_253' title='bbox 1362 1986 1455 2041; x_wconf 84' lang='lat' dir='ltr'><strong>vitium</strong></span> <span class='ocrx_word' id='word_1_254' title='bbox 1464 1988 1566 2059; x_wconf 86' lang='lat' dir='ltr'><strong>primus</strong></span> <span class='ocrx_word' id='word_1_255' title='bbox 1577 1989 1686 2059; x_wconf 86' lang='lat' dir='ltr'><strong>angelos</strong></span> <span class='ocrx_word' id='word_1_256' title='bbox 1697 2005 1760 2046; x_wconf 87' lang='lat' dir='ltr'><strong>cor·</strong></span> 
     </span>
     <span class='ocr_line' id='line_1_20' title="bbox 122 2064 1760 2154; baseline 0 -17"><span class='ocrx_word' id='word_1_257' title='bbox 122 2082 212 2137; x_wconf 85' lang='lat' dir='ltr'><strong>tuitio</strong></span> <span class='ocrx_word' id='word_1_258' title='bbox 225 2079 401 2136; x_wconf 79' lang='lat' dir='ltr'><strong>adversitate.</strong></span> <span class='ocrx_word' id='word_1_259' title='bbox 416 2079 462 2136; x_wconf 88' lang='lat' dir='ltr'><strong>Sio</strong></span> <span class='ocrx_word' id='word_1_260' title='bbox 475 2079 548 2137; x_wconf 85' lang='lat' dir='ltr'><strong>eninr</strong></span> <span class='ocrx_word' id='word_1_261' title='bbox 559 2085 695 2149; x_wconf 88' lang='lat' dir='ltr'><strong>unguenta</strong></span> <span class='ocrx_word' id='word_1_262' title='bbox 704 2070 828 2133; x_wconf 89' lang='lat' dir='ltr'>redolere</span> <span class='ocrx_word' id='word_1_263' title='bbox 839 2076 920 2132; x_wconf 88' lang='lat' dir='ltr'><strong>latius</strong></span> <span class='ocrx_word' id='word_1_264' title='bbox 968 2072 1038 2138; x_wconf 88' lang='lat' dir='ltr'><strong>ruit;</strong></span> <span class='ocrx_word' id='word_1_265' title='bbox 1065 2073 1105 2129; x_wconf 87' lang='lat' dir='ltr'><strong>sie</strong></span> <span class='ocrx_word' id='word_1_266' title='bbox 1119 2072 1184 2129; x_wconf 87' lang='lat' dir='ltr'><strong>Saul</strong></span> <span class='ocrx_word' id='word_1_267' title='bbox 1198 2064 1300 2145; x_wconf 86' lang='lat' dir='ltr'><strong>primus</strong></span> <span class='ocrx_word' id='word_1_268' title='bbox 1320 2075 1493 2134; x_wconf 81' lang='lat' dir='ltr'><strong>Hebraeorum</strong></span> <span class='ocrx_word' id='word_1_269' title='bbox 1513 2095 1561 2136; x_wconf 85' lang='lat' dir='ltr'><strong>rex</strong></span> <span class='ocrx_word' id='word_1_270' title='bbox 1574 2088 1685 2153; x_wconf 90' lang='lat' dir='ltr'><strong>propter</strong></span> <span class='ocrx_word' id='word_1_271' title='bbox 1697 2097 1760 2154; x_wconf 88' lang='lat' dir='ltr'><strong>peo-</strong></span> 
     </span>
     <span class='ocr_line' id='line_1_21' title="bbox 121 2156 1801 2245; baseline -0.001 -16"><span class='ocrx_word' id='word_1_272' title='bbox 121 2172 247 2229; x_wconf 79' lang='lat' dir='ltr'><strong>nuseium</strong></span> <span class='ocrx_word' id='word_1_273' title='bbox 269 2169 321 2225; x_wconf 90' lang='lat' dir='ltr'><strong>uisi</strong></span> <span class='ocrx_word' id='word_1_274' title='bbox 343 2176 478 2226; x_wconf 85' lang='lat' dir='ltr'><strong>eommota</strong></span> <span class='ocrx_word' id='word_1_275' title='bbox 494 2185 501 2222; x_wconf 75' lang='grc' dir='ltr'><strong><em>ε</em></strong></span> <span class='ocrx_word' id='word_1_276' title='bbox 516 2167 556 2224; x_wconf 88' lang='lat' dir='ltr'><strong>sio</strong></span> <span class='ocrx_word' id='word_1_277' title='bbox 577 2173 698 2225; x_wconf 90' lang='lat' dir='ltr'><strong>aromata</strong></span> <span class='ocrx_word' id='word_1_278' title='bbox 716 2164 919 2235; x_wconf 68' lang='lat' dir='ltr'><strong>btragrautiam</strong></span> <span class='ocrx_word' id='word_1_279' title='bbox 968 2169 1057 2218; x_wconf 85' lang='lat' dir='ltr'><strong>catum</strong></span> <span class='ocrx_word' id='word_1_280' title='bbox 1072 2162 1262 2221; x_wconf 82' lang='lat' dir='ltr'><strong>inobedientia.</strong></span> <span class='ocrx_word' id='word_1_281' title='bbox 1279 2156 1440 2237; x_wconf 90' lang='lat' dir='ltr'><strong>reprobatus</strong></span> <span class='ocrx_word' id='word_1_282' title='bbox 1454 2166 1504 2224; x_wconf 85' lang='lat' dir='ltr'><strong>luit</strong></span> <span class='ocrx_word' id='word_1_283' title='bbox 1518 2168 1545 2240; x_wconf 87' lang='lat' dir='ltr'><strong>(l</strong></span> <span class='ocrx_word' id='word_1_284' title='bbox 1556 2170 1621 2243; x_wconf 73' lang='lat' dir='ltr'><strong>lien.</strong></span> <span class='ocrx_word' id='word_1_285' title='bbox 1639 2172 1683 2245; x_wconf 84' lang='grc' dir='ltr'><strong>ιι)</strong></span> <span class='ocrx_word' id='word_1_286' title='bbox 1700 2174 1760 2229; x_wconf 88' lang='lat' dir='ltr'><strong>:sio</strong></span> <span class='ocrx_word' id='word_1_287' title='bbox 1798 2238 1801 2245; x_wconf 41' lang='grc'><em>,</em></span> 
     </span>
     <span class='ocr_line' id='line_1_22' title="bbox 121 2244 1760 2334; baseline -0.001 -14"><span class='ocrx_word' id='word_1_288' title='bbox 121 2280 178 2320; x_wconf 89' lang='lat' dir='ltr'><strong>uon</strong></span> <span class='ocrx_word' id='word_1_289' title='bbox 192 2261 361 2334; x_wconf 84' lang='lat' dir='ltr'><strong>expandunt,</strong></span> <span class='ocrx_word' id='word_1_290' title='bbox 374 2260 425 2316; x_wconf 92' lang='lat' dir='ltr'><strong>nisi</strong></span> <span class='ocrx_word' id='word_1_291' title='bbox 438 2258 538 2315; x_wconf 91' lang='lat' dir='ltr'><strong>luerint</strong></span> <span class='ocrx_word' id='word_1_292' title='bbox 551 2259 613 2329; x_wconf 88' lang='lat' dir='ltr'><strong>igne</strong></span> <span class='ocrx_word' id='word_1_293' title='bbox 626 2271 754 2314; x_wconf 86' lang='lat' dir='ltr'><strong>suooeosa</strong></span> <span class='ocrx_word' id='word_1_294' title='bbox 767 2273 774 2310; x_wconf 75' lang='lat' dir='ltr'><strong>a</strong></span> <span class='ocrx_word' id='word_1_295' title='bbox 789 2256 828 2312; x_wconf 88' lang='lat' dir='ltr'><strong>sie</strong></span> <span class='ocrx_word' id='word_1_296' title='bbox 842 2255 918 2326; x_wconf 83' lang='lat' dir='ltr'><strong>gram</strong></span> <span class='ocrx_word' id='word_1_297' title='bbox 945 2244 946 2249; x_wconf 62' lang='grc'>’</span> <span class='ocrx_word' id='word_1_298' title='bbox 968 2252 1072 2324; x_wconf 79' lang='lat' dir='ltr'><strong>primus</strong></span> <span class='ocrx_word' id='word_1_299' title='bbox 1092 2253 1234 2325; x_wconf 83' lang='lat' dir='ltr'><strong>episeopus</strong></span> <span class='ocrx_word' id='word_1_300' title='bbox 1247 2254 1425 2313; x_wconf 70' lang='lat' dir='ltr'><strong>tornacensis</strong></span> <span class='ocrx_word' id='word_1_301' title='bbox 1439 2258 1541 2316; x_wconf 89' lang='lat' dir='ltr'><strong>ultione</strong></span> <span class='ocrx_word' id='word_1_302' title='bbox 1554 2260 1643 2316; x_wconf 87' lang='lat' dir='ltr'><strong>divina</strong></span> <span class='ocrx_word' id='word_1_303' title='bbox 1658 2263 1760 2332; x_wconf 80' lang='lat' dir='ltr'><strong>percel-</strong></span> 
     </span>
     <span class='ocr_line' id='line_1_23' title="bbox 121 2343 1760 2425; baseline -0.001 -15"><span class='ocrx_word' id='word_1_304' title='bbox 121 2353 226 2425; x_wconf 82' lang='lat' dir='ltr'><strong>sioapis</strong></span> <span class='ocrx_word' id='word_1_305' title='bbox 237 2352 323 2408; x_wconf 78' lang='lat' dir='ltr'><strong>uirtus</strong></span> <span class='ocrx_word' id='word_1_306' title='bbox 338 2364 505 2421; x_wconf 80' lang='lat' dir='ltr'><strong>oequaqmm</strong></span> <span class='ocrx_word' id='word_1_307' title='bbox 520 2348 700 2419; x_wconf 87' lang='lat' dir='ltr'><strong>oognoseitur,</strong></span> <span class='ocrx_word' id='word_1_308' title='bbox 715 2345 766 2402; x_wconf 89' lang='lat' dir='ltr'><strong>nisi</strong></span> <span class='ocrx_word' id='word_1_309' title='bbox 779 2346 859 2402; x_wconf 88' lang='lat' dir='ltr'><strong>tbeoa</strong></span> <span class='ocrx_word' id='word_1_310' title='bbox 872 2358 920 2401; x_wconf 86' lang='lat' dir='ltr'><strong>ra·</strong></span> <span class='ocrx_word' id='word_1_311' title='bbox 968 2343 1041 2409; x_wconf 87' lang='lat' dir='ltr'><strong>litor,</strong></span> <span class='ocrx_word' id='word_1_312' title='bbox 1052 2350 1083 2398; x_wconf 92' lang='lat' dir='ltr'><strong>ut</strong></span> <span class='ocrx_word' id='word_1_313' title='bbox 1092 2343 1237 2400; x_wconf 87' lang='lat' dir='ltr'><strong>seeundum</strong></span> <span class='ocrx_word' id='word_1_314' title='bbox 1248 2344 1382 2417; x_wconf 85' lang='lat' dir='ltr'><strong>Sapientis</strong></span> <span class='ocrx_word' id='word_1_315' title='bbox 1391 2347 1528 2419; x_wconf 81' lang='lat' dir='ltr'><strong>eloquium</strong></span> <span class='ocrx_word' id='word_1_316' title='bbox 1538 2349 1681 2421; x_wconf 84' lang='lat' dir='ltr'><strong>pestilente</strong></span> <span class='ocrx_word' id='word_1_317' title='bbox 1692 2354 1760 2408; x_wconf 88' lang='lat' dir='ltr'><strong>tuol-</strong></span> 
     </span>
     <span class='ocr_line' id='line_1_24' title="bbox 120 2434 1747 2514; baseline -0.002 -11"><span class='ocrx_word' id='word_1_318' title='bbox 120 2443 177 2503; x_wconf 77' lang='lat' dir='ltr'><strong>tlte</strong></span> <span class='ocrx_word' id='word_1_319' title='bbox 191 2445 370 2509; x_wconf 64' lang='lat' dir='ltr'><strong>molentun</strong></span> <span class='ocrx_word' id='word_1_320' title='bbox 393 2456 449 2499; x_wconf 93' lang='lat' dir='ltr'><strong>non</strong></span> <span class='ocrx_word' id='word_1_321' title='bbox 462 2440 607 2498; x_wconf 81' lang='lat' dir='ltr'><strong>contritum</strong></span> <span class='ocrx_word' id='word_1_322' title='bbox 626 2439 686 2496; x_wconf 84' lang='lat' dir='ltr'><strong>leve</strong></span> <span class='ocrx_word' id='word_1_323' title='bbox 700 2448 755 2505; x_wconf 89' lang='lat' dir='ltr'><strong>est,</strong></span> <span class='ocrx_word' id='word_1_324' title='bbox 772 2438 919 2495; x_wconf 88' lang='lat' dir='ltr'><strong>contritum</strong></span> <span class='ocrx_word' id='word_1_325' title='bbox 968 2440 1042 2489; x_wconf 86' lang='lat' dir='ltr'><strong>etato</strong></span> <span class='ocrx_word' id='word_1_326' title='bbox 1056 2434 1183 2505; x_wconf 83' lang='lat' dir='ltr'><strong>parvulus</strong></span> <span class='ocrx_word' id='word_1_327' title='bbox 1195 2436 1343 2507; x_wconf 77' lang='lat' dir='ltr'><strong>sapientior</strong></span> <span class='ocrx_word' id='word_1_328' title='bbox 1354 2439 1486 2495; x_wconf 85' lang='lat' dir='ltr'><strong>habeatur</strong></span> <span class='ocrx_word' id='word_1_329' title='bbox 1505 2440 1603 2509; x_wconf 87' lang='lat' dir='ltr'><strong>(Pron.</strong></span> <span class='ocrx_word' id='word_1_330' title='bbox 1621 2456 1676 2510; x_wconf 86' lang='grc' dir='ltr'><strong>ιιι,</strong></span> <span class='ocrx_word' id='word_1_331' title='bbox 1692 2443 1747 2514; x_wconf 76' lang='lat'><strong>25)</strong></span> 
     </span>
     <span class='ocr_line' id='line_1_25' title="bbox 121 2521 1760 2608; baseline -0.001 -17"><span class='ocrx_word' id='word_1_332' title='bbox 121 2536 241 2608; x_wconf 76' lang='lat' dir='ltr'><strong>anplius</strong></span> <span class='ocrx_word' id='word_1_333' title='bbox 262 2531 409 2588; x_wconf 69' lang='lat' dir='ltr'><strong>inameseit</strong></span> <span class='ocrx_word' id='word_1_334' title='bbox 429 2538 458 2589; x_wconf 88' lang='lat' dir='ltr'><strong>et</strong></span> <span class='ocrx_word' id='word_1_335' title='bbox 479 2530 656 2586; x_wconf 76' lang='lat' dir='ltr'><strong>acrimoniam</strong></span> <span class='ocrx_word' id='word_1_336' title='bbox 676 2528 785 2584; x_wconf 90' lang='lat' dir='ltr'><strong>latentis</strong></span> <span class='ocrx_word' id='word_1_337' title='bbox 803 2528 919 2597; x_wconf 80' lang='lat' dir='ltr'><strong>energiae</strong></span> <span class='ocrx_word' id='word_1_338' title='bbox 969 2521 1035 2577; x_wconf 70' lang='lat' dir='ltr'><strong>Num</strong></span> <span class='ocrx_word' id='word_1_339' title='bbox 1049 2538 1109 2578; x_wconf 82' lang='lat' dir='ltr'><strong>eom</strong></span> <span class='ocrx_word' id='word_1_340' title='bbox 1124 2522 1221 2592; x_wconf 84' lang='lat' dir='ltr'><strong>exiguo</strong></span> <span class='ocrx_word' id='word_1_341' title='bbox 1235 2523 1615 2598; x_wconf 83' lang='lat' dir='ltr'><strong>eorreedaturmiserieordia,</strong></span> <span class='ocrx_word' id='word_1_342' title='bbox 1636 2540 1760 2603; x_wconf 84' lang='lat' dir='ltr'><strong>potentes</strong></span> 
     </span>
     <span class='ocr_line' id='line_1_26' title="bbox 122 2612 1759 2695; baseline -0.003 -12"><span class='ocrx_word' id='word_1_343' title='bbox 122 2628 302 2683; x_wconf 76' lang='lat' dir='ltr'><strong>vehementer</strong></span> <span class='ocrx_word' id='word_1_344' title='bbox 311 2624 441 2683; x_wconf 83' lang='lat' dir='ltr'><strong>ostendit.</strong></span> <span class='ocrx_word' id='word_1_345' title='bbox 451 2622 497 2681; x_wconf 88' lang='lat' dir='ltr'><strong>Sie</strong></span> <span class='ocrx_word' id='word_1_346' title='bbox 506 2624 534 2680; x_wconf 88' lang='lat' dir='ltr'><strong>iu</strong></span> <span class='ocrx_word' id='word_1_347' title='bbox 544 2622 733 2695; x_wconf 85' lang='lat' dir='ltr'><strong>perseeutione</strong></span> <span class='ocrx_word' id='word_1_348' title='bbox 742 2620 826 2676; x_wconf 81' lang='lat' dir='ltr'><strong>virtus</strong></span> <span class='ocrx_word' id='word_1_349' title='bbox 835 2620 923 2675; x_wconf 87' lang='lat' dir='ltr'><strong>animi</strong></span> <span class='ocrx_word' id='word_1_350' title='bbox 969 2619 1094 2683; x_wconf 90' lang='lat' dir='ltr'><strong>potenter</strong></span> <span class='ocrx_word' id='word_1_351' title='bbox 1105 2612 1234 2685; x_wconf 81' lang='lat' dir='ltr'><strong>supplicia</strong></span> <span class='ocrx_word' id='word_1_352' title='bbox 1248 2616 1393 2685; x_wconf 88' lang='lat' dir='ltr'><strong>patientur.</strong></span> <span class='ocrx_word' id='word_1_353' title='bbox 1409 2616 1463 2674; x_wconf 85' lang='lat' dir='ltr'><strong>Sed</strong></span> <span class='ocrx_word' id='word_1_354' title='bbox 1476 2620 1522 2688; x_wconf 88' lang='lat' dir='ltr'><strong>qui</strong></span> <span class='ocrx_word' id='word_1_355' title='bbox 1535 2620 1615 2677; x_wconf 90' lang='lat' dir='ltr'><strong>sedes</strong></span> <span class='ocrx_word' id='word_1_356' title='bbox 1627 2623 1759 2693; x_wconf 89' lang='lat' dir='ltr'><strong>superbo-</strong></span> 
     </span>
     <span class='ocr_line' id='line_1_27' title="bbox 121 2705 1759 2788; baseline 0.005 -13"><span class='ocrx_word' id='word_1_357' title='bbox 121 2718 301 2775; x_wconf 84' lang='lat' dir='ltr'><strong>deelaratur:</strong></span> <span class='ocrx_word' id='word_1_358' title='bbox 316 2717 355 2774; x_wconf 86' lang='lat' dir='ltr'><strong>eie</strong></span> <span class='ocrx_word' id='word_1_359' title='bbox 368 2715 442 2788; x_wconf 81' lang='lat' dir='ltr'><strong>quod</strong></span> <span class='ocrx_word' id='word_1_360' title='bbox 459 2715 562 2772; x_wconf 87' lang='lat' dir='ltr'><strong>latebat</strong></span> <span class='ocrx_word' id='word_1_361' title='bbox 577 2714 604 2770; x_wconf 93' lang='lat' dir='ltr'><strong>in</strong></span> <span class='ocrx_word' id='word_1_362' title='bbox 624 2712 781 2785; x_wconf 88' lang='lat' dir='ltr'><strong>parentibus</strong></span> <span class='ocrx_word' id='word_1_363' title='bbox 805 2719 832 2768; x_wconf 91' lang='lat' dir='ltr'><strong>et</strong></span> <span class='ocrx_word' id='word_1_364' title='bbox 851 2710 917 2780; x_wconf 86' lang='lat' dir='ltr'><strong>tilio,</strong></span> <span class='ocrx_word' id='word_1_365' title='bbox 968 2719 1028 2759; x_wconf 74' lang='lat' dir='ltr'><strong>rur!</strong></span> <span class='ocrx_word' id='word_1_366' title='bbox 1042 2705 1151 2771; x_wconf 67' lang='lat' dir='ltr'><strong>evellii,</strong></span> <span class='ocrx_word' id='word_1_367' title='bbox 1167 2713 1195 2761; x_wconf 63' lang='lat' dir='ltr'><strong>el</strong></span> <span class='ocrx_word' id='word_1_368' title='bbox 1209 2705 1324 2762; x_wconf 61' lang='lat' dir='ltr'><strong>humiles</strong></span> <span class='ocrx_word' id='word_1_369' title='bbox 1337 2723 1387 2779; x_wconf 88' lang='lat' dir='ltr'><strong>pro</strong></span> <span class='ocrx_word' id='word_1_370' title='bbox 1401 2708 1501 2765; x_wconf 62' lang='lat' dir='ltr'><strong>eisdem</strong></span> <span class='ocrx_word' id='word_1_371' title='bbox 1515 2712 1663 2780; x_wconf 72' lang='lat' dir='ltr'><strong>⁰⁰ss⁵lll¹¹llr</strong></span> <span class='ocrx_word' id='word_1_372' title='bbox 1679 2712 1759 2769; x_wconf 63' lang='lat'>3¹⁰⁰·</span> 
     </span>
     <span class='ocr_line' id='line_1_28' title="bbox 121 2795 1760 2879; baseline -0.003 -15"><span class='ocrx_word' id='word_1_373' title='bbox 121 2805 291 2864; x_wconf 81' lang='lat' dir='ltr'><strong>lueulestius</strong></span> <span class='ocrx_word' id='word_1_374' title='bbox 304 2807 434 2879; x_wconf 80' lang='lat' dir='ltr'><strong>aperitm.</strong></span> <span class='ocrx_word' id='word_1_375' title='bbox 457 2805 535 2863; x_wconf 89' lang='lat' dir='ltr'>Unde</span> <span class='ocrx_word' id='word_1_376' title='bbox 547 2806 600 2861; x_wconf 83' lang='lat' dir='ltr'><strong>alia</strong></span> <span class='ocrx_word' id='word_1_377' title='bbox 613 2804 702 2860; x_wconf 91' lang='lat' dir='ltr'><strong>littera</strong></span> <span class='ocrx_word' id='word_1_378' title='bbox 716 2802 781 2859; x_wconf 84' lang='lat' dir='ltr'><strong>dicit</strong></span> <span class='ocrx_word' id='word_1_379' title='bbox 803 2801 917 2874; x_wconf 85' lang='lat' dir='ltr'><strong>(Prnlm.</strong></span> <span class='ocrx_word' id='word_1_380' title='bbox 968 2795 1084 2851; x_wconf 89' lang='lat' dir='ltr'><strong>therium</strong></span> <span class='ocrx_word' id='word_1_381' title='bbox 1098 2796 1125 2875; x_wconf 76' lang='lat' dir='ltr'><strong>lu</strong></span> <span class='ocrx_word' id='word_1_382' title='bbox 1138 2796 1295 2867; x_wconf 69' lang='lat' dir='ltr'><strong>eploeapuut</strong></span> <span class='ocrx_word' id='word_1_383' title='bbox 1316 2798 1379 2867; x_wconf 80' lang='lat' dir='ltr'><strong>eligi</strong></span> <span class='ocrx_word' id='word_1_384' title='bbox 1399 2801 1572 2871; x_wconf 83' lang='lat' dir='ltr'><strong>procurarit,</strong></span> <span class='ocrx_word' id='word_1_385' title='bbox 1592 2803 1691 2873; x_wconf 79' lang='lat' dir='ltr'><strong>eteius</strong></span> <span class='ocrx_word' id='word_1_386' title='bbox 1703 2802 1760 2859; x_wconf 69' lang='lat' dir='ltr'><strong>ele</strong></span> 
     </span>
     <span class='ocr_line' id='line_1_29' title="bbox 121 2884 1760 2970; baseline -0.004 -15"><span class='ocrx_word' id='word_1_387' title='bbox 121 2913 178 2965; x_wconf 85' lang='grc' dir='ltr'><strong>ιιι,</strong></span> <span class='ocrx_word' id='word_1_388' title='bbox 195 2898 234 2970; x_wconf 76' lang='grc'><strong>9)</strong></span> <span class='ocrx_word' id='word_1_389' title='bbox 256 2917 263 2953; x_wconf 90' lang='lat'>:</span> <span class='ocrx_word' id='word_1_390' title='bbox 282 2898 312 2954; x_wconf 89' lang='lat' dir='ltr'><strong>in</strong></span> <span class='ocrx_word' id='word_1_391' title='bbox 334 2898 378 2955; x_wconf 87' lang='lat' dir='ltr'><strong>die</strong></span> <span class='ocrx_word' id='word_1_392' title='bbox 397 2896 534 2953; x_wconf 83' lang='lat' dir='ltr'><strong>maudarit</strong></span> <span class='ocrx_word' id='word_1_393' title='bbox 557 2895 686 2951; x_wconf 80' lang='lat' dir='ltr'><strong>Dominus</strong></span> <span class='ocrx_word' id='word_1_394' title='bbox 706 2892 918 2950; x_wconf 84' lang='lat' dir='ltr'><strong>misericordiam</strong></span> <span class='ocrx_word' id='word_1_395' title='bbox 968 2884 1058 2941; x_wconf 74' lang='lat' dir='ltr'><strong>ellone</strong></span> <span class='ocrx_word' id='word_1_396' title='bbox 1070 2886 1630 2960; x_wconf 76' lang='lat' dir='ltr'><strong>confirmataperesummumponuucen,</strong></span> <span class='ocrx_word' id='word_1_397' title='bbox 1643 2895 1760 2963; x_wconf 84' lang='lat' dir='ltr'><strong>gmtuito</strong></span> 
     </span>
     <span class='ocr_line' id='line_1_30' title="bbox 122 2976 1761 3057; baseline 0.005 -25"><span class='ocrx_word' id='word_1_398' title='bbox 122 2995 278 3057; x_wconf 57' lang='lat' dir='ltr'><strong>maweu</strong></span> <span class='ocrx_word' id='word_1_399' title='bbox 292 2988 318 3043; x_wconf 74' lang='lat' dir='ltr'><strong>jn</strong></span> <span class='ocrx_word' id='word_1_400' title='bbox 334 2986 581 3044; x_wconf 52' lang='lat' dir='ltr'><strong>normannensis,</strong></span> <span class='ocrx_word' id='word_1_401' title='bbox 596 2982 784 3041; x_wconf 73' lang='lat' dir='ltr'><strong>nonnmenim</strong></span> <span class='ocrx_word' id='word_1_402' title='bbox 797 2982 919 3052; x_wconf 57' lang='grc' dir='ltr'><strong>θείμα-</strong></span> <span class='ocrx_word' id='word_1_403' title='bbox 944 2978 1260 3033; x_wconf 70' lang='lat' dir='ltr'><strong>enumeraturum</strong></span> <span class='ocrx_word' id='word_1_404' title='bbox 1292 2979 1448 3050; x_wconf 83' lang='lat' dir='ltr'><strong>episcopum</strong></span> <span class='ocrx_word' id='word_1_405' title='bbox 1479 2976 1676 3040; x_wconf 83' lang='lat' dir='ltr'><strong>Tornacens&#39;em</strong></span> <span class='ocrx_word' id='word_1_406' title='bbox 1699 2992 1761 3056; x_wconf 82' lang='lat' dir='ltr'><strong>post</strong></span> 
     </span>
     <span class='ocr_line' id='line_1_31' title="bbox 122 3065 1178 3151; baseline -0.009 -17"><span class='ocrx_word' id='word_1_407' title='bbox 122 3080 243 3148; x_wconf 85' lang='lat' dir='ltr'><strong>taitum,</strong></span> <span class='ocrx_word' id='word_1_408' title='bbox 262 3078 336 3151; x_wconf 85' lang='lat' dir='ltr'><strong>quod</strong></span> <span class='ocrx_word' id='word_1_409' title='bbox 352 3079 379 3135; x_wconf 94' lang='lat' dir='ltr'><strong>in</strong></span> <span class='ocrx_word' id='word_1_410' title='bbox 398 3087 520 3149; x_wconf 87' lang='lat' dir='ltr'><strong>tempore</strong></span> <span class='ocrx_word' id='word_1_411' title='bbox 534 3076 689 3133; x_wconf 84' lang='lat' dir='ltr'><strong>sererritatiu</strong></span> <span class='ocrx_word' id='word_1_412' title='bbox 706 3072 873 3141; x_wconf 81' lang='lat' dir='ltr'><strong>infunditur,</strong></span> <span class='ocrx_word' id='word_1_413' title='bbox 891 3074 918 3129; x_wconf 92' lang='lat' dir='ltr'><strong>in</strong></span> <span class='ocrx_word' id='word_1_414' title='bbox 969 3065 1140 3123; x_wconf 77' lang='lat' dir='ltr'><strong>Theodorum</strong></span> <span class='ocrx_word' id='word_1_415' title='bbox 1153 3065 1178 3124; x_wconf 78' lang='lat'><strong>¹¹.</strong></span> 
     </span>
     <span class='ocr_line' id='line_1_32' title="bbox 122 3163 954 3237; baseline 0 -11"><span class='ocrx_word' id='word_1_416' title='bbox 122 3170 343 3228; x_wconf 85' lang='lat' dir='ltr'><strong>tribrrlationibus</strong></span> <span class='ocrx_word' id='word_1_417' title='bbox 359 3169 519 3226; x_wconf 79' lang='lat' dir='ltr'><strong>declarator.</strong></span> <span class='ocrx_word' id='word_1_418' title='bbox 540 3165 595 3224; x_wconf 88' lang='lat' dir='ltr'>Sed</span> <span class='ocrx_word' id='word_1_419' title='bbox 610 3165 675 3237; x_wconf 84' lang='lat' dir='ltr'><strong>quid</strong></span> <span class='ocrx_word' id='word_1_420' title='bbox 694 3164 780 3237; x_wconf 85' lang='lat' dir='ltr'><strong>paleis</strong></span> <span class='ocrx_word' id='word_1_421' title='bbox 795 3164 828 3221; x_wconf 84' lang='lat' dir='ltr'><strong>ad</strong></span> <span class='ocrx_word' id='word_1_422' title='bbox 846 3163 954 3226; x_wconf 85' lang='lat' dir='ltr'><strong>triti-C</strong></span> 
     </span>
    </p>
   </div>
   <div class='ocr_carea' id='block_1_4' title="bbox 122 3203 1457 3331">
    <p class='ocr_par' dir='ltr' id='par_1_4' title="bbox 122 3203 1457 3331">
     <span class='ocr_line' id='line_1_33' title="bbox 122 3203 1457 3331; baseline -0.005 -12"><span class='ocrx_word' id='word_1_423' title='bbox 122 3242 287 3319; x_wconf 61' lang='lat' dir='ltr'><strong>eumi&#39;dieit</strong></span> <span class='ocrx_word' id='word_1_424' title='bbox 300 3260 429 3317; x_wconf 80' lang='lat' dir='ltr'><strong>Dominus</strong></span> <span class='ocrx_word' id='word_1_425' title='bbox 442 3257 550 3331; x_wconf 69' lang='lat' dir='ltr'><strong>(ierem.</strong></span> <span class='ocrx_word' id='word_1_426' title='bbox 564 3273 639 3325; x_wconf 85' lang='lat' dir='ltr'><strong>xxm,</strong></span> <span class='ocrx_word' id='word_1_427' title='bbox 651 3254 709 3329; x_wconf 74' lang='lat'><strong>28).</strong></span> <span class='ocrx_word' id='word_1_428' title='bbox 1278 3203 1395 3260; x_wconf 41' lang='lat' dir='ltr'><strong>‘APUT</strong></span> <span class='ocrx_word' id='word_1_429' title='bbox 1413 3205 1457 3262; x_wconf 61' lang='grc' dir='ltr'><strong>Μ’</strong></span> 
     </span>
    </p>
   </div>
   <div class='ocr_carea' id='block_1_5' title="bbox 157 3296 1760 3450">
    <p class='ocr_par' dir='ltr' id='par_1_5' title="bbox 157 3296 1760 3450">
     <span class='ocr_line' id='line_1_34' title="bbox 969 3296 1760 3375; baseline 0.016 -24"><span class='ocrx_word' id='word_1_430' title='bbox 969 3296 1075 3353; x_wconf 85' lang='lat' dir='ltr'><strong>llortuo</strong></span> <span class='ocrx_word' id='word_1_431' title='bbox 1087 3315 1104 3353; x_wconf 84' lang='lat' dir='ltr'><strong>a</strong></span> <span class='ocrx_word' id='word_1_432' title='bbox 1118 3297 1149 3355; x_wconf 88' lang='lat' dir='ltr'><strong>S.</strong></span> <span class='ocrx_word' id='word_1_433' title='bbox 1162 3296 1311 3358; x_wconf 75' lang='lat' dir='ltr'><strong>Eleutherio</strong></span> <span class='ocrx_word' id='word_1_434' title='bbox 1324 3305 1491 3368; x_wconf 67' lang='lat' dir='ltr'><strong>resuscitato:</strong></span> <span class='ocrx_word' id='word_1_435' title='bbox 1507 3306 1580 3375; x_wconf 77' lang='lat' dir='ltr'><strong>cort,</strong></span> <span class='ocrx_word' id='word_1_436' title='bbox 1591 3306 1707 3375; x_wconf 82' lang='lat' dir='ltr'><strong>claudus,</strong></span> <span class='ocrx_word' id='word_1_437' title='bbox 1722 3309 1760 3364; x_wconf 86' lang='lat' dir='ltr'><strong>le-</strong></span> 
     </span>
     <span class='ocr_line' id='line_1_35' title="bbox 157 3370 1759 3450; baseline 0.002 -22"><span class='ocrx_word' id='word_1_438' title='bbox 157 3376 206 3433; x_wconf 82' lang='lat' dir='ltr'><strong>id.</strong></span> <span class='ocrx_word' id='word_1_439' title='bbox 221 3374 260 3433; x_wconf 85' lang='lat' dir='ltr'><strong>Ut</strong></span> <span class='ocrx_word' id='word_1_440' title='bbox 272 3376 354 3447; x_wconf 76' lang='lat' dir='ltr'><strong>igitur</strong></span> <span class='ocrx_word' id='word_1_441' title='bbox 366 3374 581 3447; x_wconf 72' lang='lat' dir='ltr'><strong>disjungerentur</strong></span> <span class='ocrx_word' id='word_1_442' title='bbox 594 3382 622 3430; x_wconf 89' lang='lat' dir='ltr'><strong>et</strong></span> <span class='ocrx_word' id='word_1_443' title='bbox 634 3372 711 3439; x_wconf 88' lang='lat' dir='ltr'><strong>loeis,</strong></span> <span class='ocrx_word' id='word_1_444' title='bbox 726 3371 772 3444; x_wconf 78' lang='lat' dir='ltr'><strong>qui</strong></span> <span class='ocrx_word' id='word_1_445' title='bbox 786 3371 921 3444; x_wconf 71' lang='lat' dir='ltr'><strong>disiunge-</strong></span> <span class='ocrx_word' id='word_1_446' title='bbox 1004 3385 1097 3438; x_wconf 81' lang='lat' dir='ltr'><strong>protus</strong></span> <span class='ocrx_word' id='word_1_447' title='bbox 1110 3371 1212 3435; x_wconf 80' lang='lat' dir='ltr'><strong>round,-</strong></span> <span class='ocrx_word' id='word_1_448' title='bbox 1225 3370 1401 3427; x_wconf 84' lang='lat' dir='ltr'><strong>Tornoeeneer</strong></span> <span class='ocrx_word' id='word_1_449' title='bbox 1415 3374 1450 3428; x_wconf 86' lang='lat' dir='ltr'><strong>orl</strong></span> <span class='ocrx_word' id='word_1_450' title='bbox 1458 3375 1537 3444; x_wconf 77' lang='lat' dir='ltr'><strong>fidem</strong></span> <span class='ocrx_word' id='word_1_451' title='bbox 1550 3379 1664 3432; x_wconf 77' lang='lat' dir='ltr'><strong>carreni</strong></span> <span class='ocrx_word' id='word_1_452' title='bbox 1675 3395 1685 3445; x_wconf 95' lang='lat'><strong>,·</strong></span> <span class='ocrx_word' id='word_1_453' title='bbox 1699 3396 1759 3450; x_wconf 80' lang='lat' dir='ltr'><strong>pee-</strong></span> 
     </span>
    </p>
   </div>
   <div class='ocr_carea' id='block_1_6' title="bbox 123 3438 1770 5086">
    <p class='ocr_par' dir='ltr' id='par_1_6' title="bbox 123 3438 1770 5086">
     <span class='ocr_line' id='line_1_36' title="bbox 123 3438 1477 3537; baseline -0.006 -13"><span class='ocrx_word' id='word_1_454' title='bbox 123 3468 225 3524; x_wconf 83' lang='lat' dir='ltr'><strong>bantur</strong></span> <span class='ocrx_word' id='word_1_455' title='bbox 238 3475 268 3524; x_wconf 90' lang='lat' dir='ltr'><strong>et</strong></span> <span class='ocrx_word' id='word_1_456' title='bbox 281 3467 394 3535; x_wconf 80' lang='lat' dir='ltr'><strong>actibus,</strong></span> <span class='ocrx_word' id='word_1_457' title='bbox 411 3474 485 3523; x_wconf 88' lang='lat' dir='ltr'><strong>mota</strong></span> <span class='ocrx_word' id='word_1_458' title='bbox 500 3473 543 3522; x_wconf 90' lang='lat' dir='ltr'><strong>est</strong></span> <span class='ocrx_word' id='word_1_459' title='bbox 555 3463 707 3537; x_wconf 80' lang='lat' dir='ltr'><strong>persecutio</strong></span> <span class='ocrx_word' id='word_1_460' title='bbox 720 3462 798 3535; x_wconf 85' lang='lat' dir='ltr'><strong>quasi</strong></span> <span class='ocrx_word' id='word_1_461' title='bbox 813 3470 918 3519; x_wconf 82' lang='lat' dir='ltr'><strong>uentus.</strong></span> <span class='ocrx_word' id='word_1_462' title='bbox 1003 3447 1090 3493; x_wconf 62' lang='lat' dir='ltr'><strong>‘llum</strong></span> <span class='ocrx_word' id='word_1_463' title='bbox 1104 3438 1246 3496; x_wconf 59' lang='lat' dir='ltr'><strong>⁶ll0d⁰l⁶⁰</strong></span> <span class='ocrx_word' id='word_1_464' title='bbox 1257 3444 1311 3514; x_wconf 70' lang='lat'><strong>&#39;⁶9¹&#39;</strong></span> <span class='ocrx_word' id='word_1_465' title='bbox 1324 3442 1477 3500; x_wconf 66' lang='lat' dir='ltr'><strong>‘&#39;lll‘lmm·</strong></span> 
     </span>
     <span class='ocr_line' id='line_1_37' title="bbox 124 3550 1761 3629; baseline 0.002 -15"><span class='ocrx_word' id='word_1_466' title='bbox 124 3556 157 3614; x_wconf 80' lang='lat' dir='ltr'><strong>lit</strong></span> <span class='ocrx_word' id='word_1_467' title='bbox 167 3559 242 3616; x_wconf 86' lang='lat' dir='ltr'><strong>sieut</strong></span> <span class='ocrx_word' id='word_1_468' title='bbox 256 3557 437 3613; x_wconf 73' lang='lat' dir='ltr'><strong>invalescente</strong></span> <span class='ocrx_word' id='word_1_469' title='bbox 454 3564 596 3612; x_wconf 82' lang='lat' dir='ltr'><strong>uentorum</strong></span> <span class='ocrx_word' id='word_1_470' title='bbox 610 3555 715 3611; x_wconf 87' lang='lat' dir='ltr'><strong>turbiue</strong></span> <span class='ocrx_word' id='word_1_471' title='bbox 729 3552 863 3609; x_wconf 80' lang='lat' dir='ltr'><strong>ventilatis</strong></span> <span class='ocrx_word' id='word_1_472' title='bbox 874 3566 922 3623; x_wconf 89' lang='lat' dir='ltr'><strong>pa·</strong></span> <span class='ocrx_word' id='word_1_473' title='bbox 1006 3550 1017 3584; x_wconf 81' lang='lat'>⁸</span> <span class='ocrx_word' id='word_1_474' title='bbox 1032 3550 1075 3607; x_wconf 79' lang='lat' dir='ltr'><strong>tt.</strong></span> <span class='ocrx_word' id='word_1_475' title='bbox 1088 3551 1252 3610; x_wconf 80' lang='lat' dir='ltr'><strong>sublimatus</strong></span> <span class='ocrx_word' id='word_1_476' title='bbox 1262 3553 1429 3612; x_wconf 81' lang='lat' dir='ltr'><strong>Eleutherios</strong></span> <span class='ocrx_word' id='word_1_477' title='bbox 1440 3556 1522 3612; x_wconf 79' lang='lat' dir='ltr'><strong>insula</strong></span> <span class='ocrx_word' id='word_1_478' title='bbox 1533 3559 1671 3629; x_wconf 89' lang='lat' dir='ltr'><strong>pastorali,</strong></span> <span class='ocrx_word' id='word_1_479' title='bbox 1681 3559 1761 3617; x_wconf 91' lang='lat' dir='ltr'><strong>bonis</strong></span> 
     </span>
     <span class='ocr_line' id='line_1_38' title="bbox 125 3642 1760 3718; baseline 0.001 -14"><span class='ocrx_word' id='word_1_480' title='bbox 125 3649 185 3716; x_wconf 83' lang='lat' dir='ltr'><strong>leis,</strong></span> <span class='ocrx_word' id='word_1_481' title='bbox 200 3650 230 3704; x_wconf 91' lang='lat' dir='ltr'><strong>el</strong></span> <span class='ocrx_word' id='word_1_482' title='bbox 243 3646 403 3704; x_wconf 80' lang='lat' dir='ltr'><strong>adulterinis</strong></span> <span class='ocrx_word' id='word_1_483' title='bbox 416 3649 522 3718; x_wconf 65' lang='lat' dir='ltr'><strong>manu,</strong></span> <span class='ocrx_word' id='word_1_484' title='bbox 537 3654 566 3703; x_wconf 90' lang='lat' dir='ltr'><strong>et</strong></span> <span class='ocrx_word' id='word_1_485' title='bbox 578 3645 669 3703; x_wconf 82' lang='lat' dir='ltr'><strong>uacuis</strong></span> <span class='ocrx_word' id='word_1_486' title='bbox 677 3643 788 3716; x_wconf 78' lang='lat' dir='ltr'><strong>jamjam</strong></span> <span class='ocrx_word' id='word_1_487' title='bbox 802 3642 920 3713; x_wconf 78' lang='lat' dir='ltr'><strong>relectis,</strong></span> <span class='ocrx_word' id='word_1_488' title='bbox 971 3642 1097 3714; x_wconf 88' lang='lat' dir='ltr'><strong>operibus</strong></span> <span class='ocrx_word' id='word_1_489' title='bbox 1111 3643 1233 3714; x_wconf 87' lang='lat' dir='ltr'><strong>implevit</strong></span> <span class='ocrx_word' id='word_1_490' title='bbox 1252 3643 1425 3714; x_wconf 78' lang='lat' dir='ltr'><strong>pontificem,</strong></span> <span class='ocrx_word' id='word_1_491' title='bbox 1441 3645 1517 3716; x_wconf 86' lang='lat' dir='ltr'><strong>eujus</strong></span> <span class='ocrx_word' id='word_1_492' title='bbox 1531 3644 1648 3703; x_wconf 81' lang='lat' dir='ltr'><strong>officium</strong></span> <span class='ocrx_word' id='word_1_493' title='bbox 1663 3651 1760 3705; x_wconf 91' lang='lat' dir='ltr'><strong>mereri</strong></span> 
     </span>
     <span class='ocr_line' id='line_1_39' title="bbox 125 3732 1762 3813; baseline 0 -18"><span class='ocrx_word' id='word_1_494' title='bbox 125 3748 188 3811; x_wconf 86' lang='lat' dir='ltr'><strong>post</strong></span> <span class='ocrx_word' id='word_1_495' title='bbox 199 3737 386 3813; x_wconf 65' lang='lat' dir='ltr'><strong>regyrationes</strong></span> <span class='ocrx_word' id='word_1_496' title='bbox 397 3738 559 3810; x_wconf 84' lang='lat' dir='ltr'><strong>multiplices</strong></span> <span class='ocrx_word' id='word_1_497' title='bbox 569 3753 651 3809; x_wconf 87' lang='lat' dir='ltr'><strong>grana</strong></span> <span class='ocrx_word' id='word_1_498' title='bbox 664 3736 749 3794; x_wconf 89' lang='lat' dir='ltr'><strong>solida</strong></span> <span class='ocrx_word' id='word_1_499' title='bbox 758 3735 922 3806; x_wconf 76' lang='lat' dir='ltr'><strong>conglobari·</strong></span> <span class='ocrx_word' id='word_1_500' title='bbox 971 3734 1056 3803; x_wconf 88' lang='lat' dir='ltr'><strong>magis</strong></span> <span class='ocrx_word' id='word_1_501' title='bbox 1069 3732 1210 3789; x_wconf 89' lang='lat' dir='ltr'><strong>studuerat</strong></span> <span class='ocrx_word' id='word_1_502' title='bbox 1220 3750 1301 3806; x_wconf 87' lang='lat' dir='ltr'><strong>quam</strong></span> <span class='ocrx_word' id='word_1_503' title='bbox 1314 3736 1450 3811; x_wconf 82' lang='lat' dir='ltr'><strong>mercari,</strong></span> <span class='ocrx_word' id='word_1_504' title='bbox 1465 3737 1558 3797; x_wconf 83' lang='lat' dir='ltr'><strong>uirens</strong></span> <span class='ocrx_word' id='word_1_505' title='bbox 1576 3736 1762 3795; x_wconf 87' lang='lat' dir='ltr'><strong>ordinabiliter</strong></span> 
     </span>
     <span class='ocr_line' id='line_1_40' title="bbox 126 3824 1762 3901; baseline -0.001 -16"><span class='ocrx_word' id='word_1_506' title='bbox 126 3836 171 3885; x_wconf 86' lang='lat' dir='ltr'><strong>tur</strong></span> <span class='ocrx_word' id='word_1_507' title='bbox 184 3828 221 3884; x_wconf 84' lang='lat' dir='ltr'><strong>ad</strong></span> <span class='ocrx_word' id='word_1_508' title='bbox 235 3829 369 3897; x_wconf 87' lang='lat' dir='ltr'><strong>inrieem,</strong></span> <span class='ocrx_word' id='word_1_509' title='bbox 384 3837 416 3885; x_wconf 93' lang='lat' dir='ltr'><strong>ut</strong></span> <span class='ocrx_word' id='word_1_510' title='bbox 427 3829 507 3886; x_wconf 84' lang='lat' dir='ltr'><strong>unius</strong></span> <span class='ocrx_word' id='word_1_511' title='bbox 520 3842 615 3885; x_wconf 76' lang='lat' dir='ltr'><strong>maeste</strong></span> <span class='ocrx_word' id='word_1_512' title='bbox 628 3825 772 3899; x_wconf 84' lang='lat' dir='ltr'><strong>quamdam</strong></span> <span class='ocrx_word' id='word_1_513' title='bbox 785 3827 923 3898; x_wconf 89' lang='lat' dir='ltr'><strong>insepara-</strong></span> <span class='ocrx_word' id='word_1_514' title='bbox 972 3824 1044 3891; x_wconf 87' lang='lat' dir='ltr'><strong>sibi,</strong></span> <span class='ocrx_word' id='word_1_515' title='bbox 1060 3825 1194 3881; x_wconf 88' lang='lat' dir='ltr'><strong>socialiter</strong></span> <span class='ocrx_word' id='word_1_516' title='bbox 1213 3826 1356 3897; x_wconf 81' lang='lat' dir='ltr'><strong>proximo,</strong></span> <span class='ocrx_word' id='word_1_517' title='bbox 1370 3826 1419 3883; x_wconf 89' lang='lat' dir='ltr'><strong>sed</strong></span> <span class='ocrx_word' id='word_1_518' title='bbox 1431 3828 1567 3884; x_wconf 86' lang='lat' dir='ltr'><strong>humiliter</strong></span> <span class='ocrx_word' id='word_1_519' title='bbox 1581 3828 1608 3885; x_wconf 92' lang='lat' dir='ltr'><strong>in</strong></span> <span class='ocrx_word' id='word_1_520' title='bbox 1622 3831 1762 3901; x_wconf 86' lang='lat' dir='ltr'><strong>praesentia</strong></span> 
     </span>
     <span class='ocr_line' id='line_1_41' title="bbox 126 3914 1764 3992; baseline 0.001 -16"><span class='ocrx_word' id='word_1_521' title='bbox 126 3919 210 3976; x_wconf 80' lang='lat' dir='ltr'><strong>bilem</strong></span> <span class='ocrx_word' id='word_1_522' title='bbox 222 3919 324 3975; x_wconf 75' lang='lat' dir='ltr'><strong>leniam</strong></span> <span class='ocrx_word' id='word_1_523' title='bbox 337 3914 506 3992; x_wconf 84' lang='lat' dir='ltr'><strong>portionem,</strong></span> <span class='ocrx_word' id='word_1_524' title='bbox 519 3917 534 3957; x_wconf 80' lang='lat'><strong>⁴¹</strong></span> <span class='ocrx_word' id='word_1_525' title='bbox 546 3918 586 3974; x_wconf 86' lang='lat' dir='ltr'><strong>sie</strong></span> <span class='ocrx_word' id='word_1_526' title='bbox 598 3933 615 3973; x_wconf 89' lang='lat' dir='ltr'><strong>a</strong></span> <span class='ocrx_word' id='word_1_527' title='bbox 628 3917 738 3974; x_wconf 81' lang='lat' dir='ltr'><strong>civitate</strong></span> <span class='ocrx_word' id='word_1_528' title='bbox 750 3915 825 3986; x_wconf 85' lang='lat' dir='ltr'><strong>regia</strong></span> <span class='ocrx_word' id='word_1_529' title='bbox 837 3914 924 3972; x_wconf 85' lang='lat' dir='ltr'><strong>ellari·</strong></span> <span class='ocrx_word' id='word_1_530' title='bbox 972 3916 1109 3974; x_wconf 82' lang='lat' dir='ltr'><strong>Creatoris</strong></span> <span class='ocrx_word' id='word_1_531' title='bbox 1123 3935 1130 3970; x_wconf 79' lang='grc' dir='ltr'><strong>ι</strong></span> <span class='ocrx_word' id='word_1_532' title='bbox 1144 3919 1310 3988; x_wconf 83' lang='lat' dir='ltr'><strong>eourpositus</strong></span> <span class='ocrx_word' id='word_1_533' title='bbox 1331 3918 1365 3973; x_wconf 89' lang='lat' dir='ltr'><strong>ad</strong></span> <span class='ocrx_word' id='word_1_534' title='bbox 1388 3934 1498 3987; x_wconf 91' lang='lat' dir='ltr'><strong>mores,</strong></span> <span class='ocrx_word' id='word_1_535' title='bbox 1513 3919 1629 3976; x_wconf 83' lang='lat' dir='ltr'><strong>lernidus</strong></span> <span class='ocrx_word' id='word_1_536' title='bbox 1647 3921 1674 3976; x_wconf 92' lang='lat' dir='ltr'><strong>in</strong></span> <span class='ocrx_word' id='word_1_537' title='bbox 1696 3920 1764 3978; x_wconf 89' lang='lat' dir='ltr'><strong>dile-</strong></span> 
     </span>
     <span class='ocr_line' id='line_1_42' title="bbox 126 4005 1762 4082; baseline 0 -16"><span class='ocrx_word' id='word_1_538' title='bbox 126 4010 184 4066; x_wconf 81' lang='lat' dir='ltr'><strong>nari</strong></span> <span class='ocrx_word' id='word_1_539' title='bbox 198 4009 362 4067; x_wconf 81' lang='lat' dir='ltr'><strong>ebristioolae</strong></span> <span class='ocrx_word' id='word_1_540' title='bbox 381 4016 409 4066; x_wconf 89' lang='lat' dir='ltr'><strong>et</strong></span> <span class='ocrx_word' id='word_1_541' title='bbox 425 4007 533 4077; x_wconf 88' lang='lat' dir='ltr'><strong>tideles,</strong></span> <span class='ocrx_word' id='word_1_542' title='bbox 549 4023 604 4064; x_wconf 93' lang='lat' dir='ltr'><strong>non</strong></span> <span class='ocrx_word' id='word_1_543' title='bbox 621 4006 698 4064; x_wconf 88' lang='lat' dir='ltr'><strong>dirisi</strong></span> <span class='ocrx_word' id='word_1_544' title='bbox 712 4006 761 4063; x_wconf 90' lang='lat' dir='ltr'><strong>sed</strong></span> <span class='ocrx_word' id='word_1_545' title='bbox 774 4005 856 4073; x_wconf 91' lang='lat' dir='ltr'><strong>uniti,</strong></span> <span class='ocrx_word' id='word_1_546' title='bbox 868 4021 923 4061; x_wconf 95' lang='lat' dir='ltr'><strong>non</strong></span> <span class='ocrx_word' id='word_1_547' title='bbox 972 4008 1072 4071; x_wconf 84' lang='lat' dir='ltr'><strong>ctione,</strong></span> <span class='ocrx_word' id='word_1_548' title='bbox 1089 4016 1245 4064; x_wconf 89' lang='lat' dir='ltr'><strong>mansuetus</strong></span> <span class='ocrx_word' id='word_1_549' title='bbox 1257 4007 1283 4063; x_wconf 90' lang='lat' dir='ltr'><strong>in</strong></span> <span class='ocrx_word' id='word_1_550' title='bbox 1297 4009 1446 4077; x_wconf 78' lang='lat' dir='ltr'><strong>societate,</strong></span> <span class='ocrx_word' id='word_1_551' title='bbox 1461 4009 1564 4066; x_wconf 88' lang='lat' dir='ltr'><strong>stabilis</strong></span> <span class='ocrx_word' id='word_1_552' title='bbox 1579 4011 1605 4066; x_wconf 93' lang='lat' dir='ltr'><strong>in</strong></span> <span class='ocrx_word' id='word_1_553' title='bbox 1619 4012 1762 4082; x_wconf 87' lang='lat' dir='ltr'><strong>promisso,</strong></span> 
     </span>
     <span class='ocr_line' id='line_1_43' title="bbox 128 4088 1765 4173; baseline -0.001 -13"><span class='ocrx_word' id='word_1_554' title='bbox 128 4103 240 4161; x_wconf 73' lang='lat' dir='ltr'><strong>enotuit</strong></span> <span class='ocrx_word' id='word_1_555' title='bbox 254 4102 303 4159; x_wconf 86' lang='lat' dir='ltr'><strong>sed</strong></span> <span class='ocrx_word' id='word_1_556' title='bbox 317 4100 410 4169; x_wconf 83' lang='lat' dir='ltr'><strong>exeitl,</strong></span> <span class='ocrx_word' id='word_1_557' title='bbox 429 4100 545 4156; x_wconf 76' lang='lat' dir='ltr'><strong>viridius</strong></span> <span class='ocrx_word' id='word_1_558' title='bbox 558 4099 741 4169; x_wconf 72' lang='lat' dir='ltr'><strong>glomerantur</strong></span> <span class='ocrx_word' id='word_1_559' title='bbox 752 4096 786 4153; x_wconf 91' lang='lat' dir='ltr'><strong>ad</strong></span> <span class='ocrx_word' id='word_1_560' title='bbox 798 4095 925 4152; x_wconf 82' lang='lat' dir='ltr'><strong>Eleutbe·</strong></span> <span class='ocrx_word' id='word_1_561' title='bbox 974 4097 1050 4157; x_wconf 83' lang='lat' dir='ltr'><strong>tortis</strong></span> <span class='ocrx_word' id='word_1_562' title='bbox 1062 4088 1097 4155; x_wconf 87' lang='lat' dir='ltr'><strong>ad</strong></span> <span class='ocrx_word' id='word_1_563' title='bbox 1107 4099 1282 4172; x_wconf 89' lang='lat' dir='ltr'><strong>patientiam,</strong></span> <span class='ocrx_word' id='word_1_564' title='bbox 1297 4116 1398 4171; x_wconf 88' lang='lat' dir='ltr'><strong>pronos</strong></span> <span class='ocrx_word' id='word_1_565' title='bbox 1416 4101 1449 4156; x_wconf 90' lang='lat' dir='ltr'><strong>ad</strong></span> <span class='ocrx_word' id='word_1_566' title='bbox 1461 4102 1631 4159; x_wconf 84' lang='lat' dir='ltr'><strong>eorroordiam</strong></span> <span class='ocrx_word' id='word_1_567' title='bbox 1644 4145 1651 4170; x_wconf 96' lang='lat'><strong>,</strong></span> <span class='ocrx_word' id='word_1_568' title='bbox 1665 4103 1765 4173; x_wconf 86' lang='lat' dir='ltr'><strong>rigidos</strong></span> 
     </span>
     <span class='ocr_line' id='line_1_44' title="bbox 127 4184 1765 4264; baseline 0 -15"><span class='ocrx_word' id='word_1_569' title='bbox 127 4193 200 4249; x_wconf 84' lang='grc' dir='ltr'><strong>ιἰιιιιι</strong></span> <span class='ocrx_word' id='word_1_570' title='bbox 212 4200 243 4249; x_wconf 90' lang='lat' dir='ltr'><strong>et</strong></span> <span class='ocrx_word' id='word_1_571' title='bbox 256 4194 392 4264; x_wconf 84' lang='lat' dir='ltr'><strong>parentes,</strong></span> <span class='ocrx_word' id='word_1_572' title='bbox 420 4199 449 4247; x_wconf 93' lang='lat' dir='ltr'><strong>et</strong></span> <span class='ocrx_word' id='word_1_573' title='bbox 461 4190 489 4245; x_wconf 93' lang='lat' dir='ltr'><strong>in</strong></span> <span class='ocrx_word' id='word_1_574' title='bbox 505 4189 578 4255; x_wconf 87' lang='lat' dir='ltr'><strong>loeo,</strong></span> <span class='ocrx_word' id='word_1_575' title='bbox 591 4187 637 4259; x_wconf 84' lang='lat' dir='ltr'><strong>qui</strong></span> <span class='ocrx_word' id='word_1_576' title='bbox 651 4186 820 4242; x_wconf 79' lang='lat' dir='ltr'><strong>blandinium</strong></span> <span class='ocrx_word' id='word_1_577' title='bbox 833 4184 925 4256; x_wconf 86' lang='lat' dir='ltr'><strong>appel·</strong></span> <span class='ocrx_word' id='word_1_578' title='bbox 974 4190 1008 4245; x_wconf 92' lang='lat' dir='ltr'><strong>ad</strong></span> <span class='ocrx_word' id='word_1_579' title='bbox 1018 4204 1170 4246; x_wconf 86' lang='lat' dir='ltr'><strong>censuram.</strong></span> <span class='ocrx_word' id='word_1_580' title='bbox 1186 4188 1251 4244; x_wconf 82' lang='lat' dir='ltr'><strong>Erat</strong></span> <span class='ocrx_word' id='word_1_581' title='bbox 1260 4190 1332 4246; x_wconf 93' lang='lat' dir='ltr'><strong>enim</strong></span> <span class='ocrx_word' id='word_1_582' title='bbox 1342 4190 1369 4247; x_wconf 93' lang='lat' dir='ltr'><strong>in</strong></span> <span class='ocrx_word' id='word_1_583' title='bbox 1381 4191 1488 4261; x_wconf 83' lang='lat' dir='ltr'><strong>judiciis</strong></span> <span class='ocrx_word' id='word_1_584' title='bbox 1497 4200 1596 4261; x_wconf 77' lang='lat' dir='ltr'><strong>reptos,</strong></span> <span class='ocrx_word' id='word_1_585' title='bbox 1609 4195 1637 4248; x_wconf 93' lang='lat' dir='ltr'><strong>iu</strong></span> <span class='ocrx_word' id='word_1_586' title='bbox 1646 4193 1765 4264; x_wconf 78' lang='lat' dir='ltr'><strong>jubernlo</strong></span> 
     </span>
     <span class='ocr_line' id='line_1_45' title="bbox 127 4277 1765 4353; baseline -0.001 -12"><span class='ocrx_word' id='word_1_587' title='bbox 127 4282 211 4350; x_wconf 65' lang='lat' dir='ltr'><strong>latur,</strong></span> <span class='ocrx_word' id='word_1_588' title='bbox 237 4282 378 4349; x_wconf 76' lang='lat' dir='ltr'><strong>basilicam</strong></span> <span class='ocrx_word' id='word_1_589' title='bbox 400 4281 428 4339; x_wconf 93' lang='lat' dir='ltr'><strong>ln</strong></span> <span class='ocrx_word' id='word_1_590' title='bbox 450 4281 555 4337; x_wconf 93' lang='lat' dir='ltr'><strong>bonore</strong></span> <span class='ocrx_word' id='word_1_591' title='bbox 575 4278 606 4335; x_wconf 89' lang='lat' dir='ltr'><strong>B.</strong></span> <span class='ocrx_word' id='word_1_592' title='bbox 621 4277 693 4335; x_wconf 85' lang='lat' dir='ltr'><strong>Petri</strong></span> <span class='ocrx_word' id='word_1_593' title='bbox 715 4283 875 4334; x_wconf 86' lang='lat' dir='ltr'><strong>construunt</strong></span> <span class='ocrx_word' id='word_1_594' title='bbox 898 4283 926 4332; x_wconf 88' lang='lat' dir='ltr'><strong>et</strong></span> <span class='ocrx_word' id='word_1_595' title='bbox 975 4278 1129 4346; x_wconf 85' lang='lat' dir='ltr'><strong>discretus,</strong></span> <span class='ocrx_word' id='word_1_596' title='bbox 1154 4278 1180 4333; x_wconf 90' lang='lat' dir='ltr'><strong>iu</strong></span> <span class='ocrx_word' id='word_1_597' title='bbox 1205 4278 1403 4350; x_wconf 86' lang='lat' dir='ltr'><strong>dispensatione</strong></span> <span class='ocrx_word' id='word_1_598' title='bbox 1427 4281 1591 4348; x_wconf 91' lang='lat' dir='ltr'><strong>industrius,</strong></span> <span class='ocrx_word' id='word_1_599' title='bbox 1615 4283 1765 4353; x_wconf 81' lang='lat' dir='ltr'><strong>iungendo</strong></span> 
     </span>
     <span class='ocr_line' id='line_1_46' title="bbox 128 4365 1764 4440; baseline 0.001 -10"><span class='ocrx_word' id='word_1_600' title='bbox 128 4373 268 4435; x_wconf 69' lang='lat' dir='ltr'><strong>adideant</strong></span> <span class='ocrx_word' id='word_1_601' title='bbox 282 4391 290 4430; x_wconf 76' lang='lat' dir='ltr'><strong>a</strong></span> <span class='ocrx_word' id='word_1_602' title='bbox 304 4373 352 4430; x_wconf 91' lang='lat' dir='ltr'><strong>ubi</strong></span> <span class='ocrx_word' id='word_1_603' title='bbox 372 4373 405 4428; x_wconf 89' lang='lat' dir='ltr'><strong>ad</strong></span> <span class='ocrx_word' id='word_1_604' title='bbox 424 4370 555 4428; x_wconf 86' lang='lat' dir='ltr'><strong>Serenum</strong></span> <span class='ocrx_word' id='word_1_605' title='bbox 569 4369 646 4427; x_wconf 90' lang='lat' dir='ltr'><strong>multi</strong></span> <span class='ocrx_word' id='word_1_606' title='bbox 659 4366 799 4440; x_wconf 82' lang='lat' dir='ltr'><strong>gentilium</strong></span> <span class='ocrx_word' id='word_1_607' title='bbox 812 4365 926 4423; x_wconf 81' lang='lat' dir='ltr'><strong>familia·</strong></span> <span class='ocrx_word' id='word_1_608' title='bbox 975 4379 1118 4436; x_wconf 88' lang='lat' dir='ltr'><strong>strenuus,</strong></span> <span class='ocrx_word' id='word_1_609' title='bbox 1133 4371 1160 4426; x_wconf 93' lang='lat' dir='ltr'><strong>in</strong></span> <span class='ocrx_word' id='word_1_610' title='bbox 1174 4369 1328 4427; x_wconf 82' lang='lat' dir='ltr'><strong>auxiliando</strong></span> <span class='ocrx_word' id='word_1_611' title='bbox 1341 4372 1489 4437; x_wconf 84' lang='lat' dir='ltr'><strong>sollicitus,</strong></span> <span class='ocrx_word' id='word_1_612' title='bbox 1506 4372 1533 4429; x_wconf 92' lang='lat' dir='ltr'><strong>io</strong></span> <span class='ocrx_word' id='word_1_613' title='bbox 1548 4374 1667 4431; x_wconf 81' lang='lat' dir='ltr'><strong>consiliis</strong></span> <span class='ocrx_word' id='word_1_614' title='bbox 1687 4375 1764 4437; x_wconf 83' lang='lat' dir='ltr'><strong>lidos.</strong></span> 
     </span>
     <span class='ocr_line' id='line_1_47' title="bbox 129 4456 1767 4535; baseline -0.001 -12"><span class='ocrx_word' id='word_1_615' title='bbox 129 4465 219 4523; x_wconf 80' lang='lat' dir='ltr'><strong>nitatis</strong></span> <span class='ocrx_word' id='word_1_616' title='bbox 232 4462 351 4535; x_wconf 80' lang='lat' dir='ltr'><strong>satique</strong></span> <span class='ocrx_word' id='word_1_617' title='bbox 364 4463 461 4533; x_wconf 77' lang='lat' dir='ltr'><strong>gratia,</strong></span> <span class='ocrx_word' id='word_1_618' title='bbox 476 4474 581 4517; x_wconf 82' lang='lat' dir='ltr'><strong>necnon</strong></span> <span class='ocrx_word' id='word_1_619' title='bbox 595 4470 623 4516; x_wconf 88' lang='lat' dir='ltr'><strong>et</strong></span> <span class='ocrx_word' id='word_1_620' title='bbox 634 4474 686 4532; x_wconf 94' lang='lat' dir='ltr'><strong>pro</strong></span> <span class='ocrx_word' id='word_1_621' title='bbox 698 4457 856 4514; x_wconf 88' lang='lat' dir='ltr'><strong>meritorum</strong></span> <span class='ocrx_word' id='word_1_622' title='bbox 868 4456 926 4528; x_wconf 82' lang='lat' dir='ltr'><strong>eius</strong></span> <span class='ocrx_word' id='word_1_623' title='bbox 977 4461 1004 4516; x_wconf 91' lang='lat' dir='ltr'><strong>in</strong></span> <span class='ocrx_word' id='word_1_624' title='bbox 1020 4461 1238 4531; x_wconf 89' lang='lat' dir='ltr'><strong>responsionibus</strong></span> <span class='ocrx_word' id='word_1_625' title='bbox 1251 4460 1470 4533; x_wconf 86' lang='lat' dir='ltr'><strong>circumspectus.</strong></span> <span class='ocrx_word' id='word_1_626' title='bbox 1496 4462 1547 4532; x_wconf 85' lang='lat' dir='ltr'><strong>Qui</strong></span> <span class='ocrx_word' id='word_1_627' title='bbox 1568 4464 1637 4523; x_wconf 68' lang='lat' dir='ltr'><strong>dum,</strong></span> <span class='ocrx_word' id='word_1_628' title='bbox 1645 4467 1767 4522; x_wconf 88' lang='lat' dir='ltr'><strong>oratione</strong></span> 
     </span>
     <span class='ocr_line' id='line_1_48' title="bbox 129 4533 1765 4625; baseline -0.003 -11"><span class='ocrx_word' id='word_1_629' title='bbox 129 4554 296 4614; x_wconf 61' lang='lat' dir='ltr'><strong>munda</strong></span> <span class='ocrx_word' id='word_1_630' title='bbox 316 4552 503 4623; x_wconf 85' lang='lat' dir='ltr'><strong>oonbuentes,</strong></span> <span class='ocrx_word' id='word_1_631' title='bbox 527 4552 622 4609; x_wconf 87' lang='lat' dir='ltr'><strong>relieto</strong></span> <span class='ocrx_word' id='word_1_632' title='bbox 643 4548 800 4621; x_wconf 72' lang='lat' dir='ltr'><strong>gentilitatis</strong></span> <span class='ocrx_word' id='word_1_633' title='bbox 821 4561 924 4613; x_wconf 89' lang='lat' dir='ltr'><strong>errore,</strong></span> <span class='ocrx_word' id='word_1_634' title='bbox 939 4533 1024 4608; x_wconf 85' lang='lat' dir='ltr'><strong>Dsua</strong></span> <span class='ocrx_word' id='word_1_635' title='bbox 1039 4548 1162 4607; x_wconf 77' lang='lat' dir='ltr'><strong>reflueret</strong></span> <span class='ocrx_word' id='word_1_636' title='bbox 1186 4551 1299 4623; x_wconf 84' lang='lat' dir='ltr'><strong>quadam</strong></span> <span class='ocrx_word' id='word_1_637' title='bbox 1322 4554 1330 4590; x_wconf 87' lang='lat'>¹</span> <span class='ocrx_word' id='word_1_638' title='bbox 1354 4552 1414 4610; x_wconf 83' lang='lat' dir='ltr'><strong>uice</strong></span> <span class='ocrx_word' id='word_1_639' title='bbox 1427 4553 1570 4625; x_wconf 88' lang='lat' dir='ltr'><strong>spiritum,</strong></span> <span class='ocrx_word' id='word_1_640' title='bbox 1585 4570 1648 4612; x_wconf 88' lang='lat' dir='ltr'><strong>ecee</strong></span> <span class='ocrx_word' id='word_1_641' title='bbox 1669 4571 1765 4612; x_wconf 89' lang='lat' dir='ltr'><strong>resana</strong></span> 
     </span>
     <span class='ocr_line' id='line_1_49' title="bbox 130 4636 1767 4716; baseline 0.001 -19"><span class='ocrx_word' id='word_1_642' title='bbox 130 4647 217 4703; x_wconf 75' lang='lat' dir='ltr'><strong>renati</strong></span> <span class='ocrx_word' id='word_1_643' title='bbox 232 4644 309 4702; x_wconf 78' lang='lat' dir='ltr'><strong>tonte</strong></span> <span class='ocrx_word' id='word_1_644' title='bbox 321 4644 500 4716; x_wconf 82' lang='lat' dir='ltr'><strong>baptismatis,</strong></span> <span class='ocrx_word' id='word_1_645' title='bbox 513 4640 672 4699; x_wconf 79' lang='lat' dir='ltr'><strong>idololatriae</strong></span> <span class='ocrx_word' id='word_1_646' title='bbox 681 4639 775 4697; x_wconf 83' lang='lat' dir='ltr'><strong>sordes</strong></span> <span class='ocrx_word' id='word_1_647' title='bbox 787 4636 926 4708; x_wconf 76' lang='lat' dir='ltr'><strong>abjiciunt.</strong></span> <span class='ocrx_word' id='word_1_648' title='bbox 976 4643 1098 4714; x_wconf 75' lang='lat' dir='ltr'><strong>quadam</strong></span> <span class='ocrx_word' id='word_1_649' title='bbox 1112 4643 1211 4700; x_wconf 92' lang='lat' dir='ltr'><strong>tribuni</strong></span> <span class='ocrx_word' id='word_1_650' title='bbox 1223 4644 1275 4698; x_wconf 88' lang='lat' dir='ltr'><strong>lilia</strong></span> <span class='ocrx_word' id='word_1_651' title='bbox 1288 4643 1485 4710; x_wconf 79' lang='lat' dir='ltr'><strong>scandinensis,</strong></span> <span class='ocrx_word' id='word_1_652' title='bbox 1505 4660 1565 4715; x_wconf 74' lang='lat' dir='ltr'><strong>quse</strong></span> <span class='ocrx_word' id='word_1_653' title='bbox 1577 4645 1694 4701; x_wconf 88' lang='lat' dir='ltr'><strong>latenter</strong></span> <span class='ocrx_word' id='word_1_654' title='bbox 1706 4661 1767 4700; x_wconf 92' lang='lat' dir='ltr'><strong>eum</strong></span> 
     </span>
     <span class='ocr_line' id='line_1_50' title="bbox 130 4730 1768 4806; baseline -0.004 -10"><span class='ocrx_word' id='word_1_655' title='bbox 130 4737 274 4794; x_wconf 72' lang='lat' dir='ltr'><strong>utboliooe</strong></span> <span class='ocrx_word' id='word_1_656' title='bbox 288 4732 350 4791; x_wconf 76' lang='lat' dir='ltr'><strong>fidei</strong></span> <span class='ocrx_word' id='word_1_657' title='bbox 364 4734 465 4791; x_wconf 78' lang='lat' dir='ltr'><strong>cultum</strong></span> <span class='ocrx_word' id='word_1_658' title='bbox 478 4732 644 4805; x_wconf 68' lang='lat' dir='ltr'><strong>suscipiunt.</strong></span> <span class='ocrx_word' id='word_1_659' title='bbox 663 4730 745 4786; x_wconf 71' lang='lat' dir='ltr'><strong>filum</strong></span> <span class='ocrx_word' id='word_1_660' title='bbox 758 4734 873 4784; x_wconf 83' lang='lat' dir='ltr'><strong>mutant.</strong></span> <span class='ocrx_word' id='word_1_661' title='bbox 977 4733 1126 4801; x_wconf 84' lang='lat' dir='ltr'><strong>dilexerat,</strong></span> <span class='ocrx_word' id='word_1_662' title='bbox 1145 4735 1180 4790; x_wconf 83' lang='lat' dir='ltr'><strong>ab</strong></span> <span class='ocrx_word' id='word_1_663' title='bbox 1193 4734 1303 4803; x_wconf 75' lang='lat' dir='ltr'><strong>unoquo</strong></span> <span class='ocrx_word' id='word_1_664' title='bbox 1314 4742 1412 4789; x_wconf 80' lang='lat' dir='ltr'><strong>uexata</strong></span> <span class='ocrx_word' id='word_1_665' title='bbox 1428 4735 1522 4805; x_wconf 86' lang='lat' dir='ltr'><strong>spiritu</strong></span> <span class='ocrx_word' id='word_1_666' title='bbox 1536 4735 1652 4791; x_wconf 90' lang='lat' dir='ltr'><strong>libidinis</strong></span> <span class='ocrx_word' id='word_1_667' title='bbox 1666 4751 1768 4806; x_wconf 89' lang='lat' dir='ltr'><strong>oppor-</strong></span> 
     </span>
     <span class='ocr_line' id='line_1_51' title="bbox 165 4817 1770 4896; baseline -0.003 -13"><span class='ocrx_word' id='word_1_668' title='bbox 165 4832 178 4864; x_wconf 72' lang='lat'><strong>³</strong></span> <span class='ocrx_word' id='word_1_669' title='bbox 196 4828 244 4884; x_wconf 86' lang='lat' dir='ltr'><strong>st.</strong></span> <span class='ocrx_word' id='word_1_670' title='bbox 262 4826 420 4896; x_wconf 85' lang='lat' dir='ltr'><strong>ltelulgenta</strong></span> <span class='ocrx_word' id='word_1_671' title='bbox 430 4825 485 4895; x_wconf 81' lang='lat' dir='ltr'><strong>iam</strong></span> <span class='ocrx_word' id='word_1_672' title='bbox 496 4825 564 4891; x_wconf 92' lang='lat' dir='ltr'><strong>sole,</strong></span> <span class='ocrx_word' id='word_1_673' title='bbox 576 4823 622 4895; x_wconf 84' lang='lat' dir='ltr'><strong>qui</strong></span> <span class='ocrx_word' id='word_1_674' title='bbox 631 4822 707 4894; x_wconf 89' lang='lat' dir='ltr'><strong>prius</strong></span> <span class='ocrx_word' id='word_1_675' title='bbox 716 4827 775 4877; x_wconf 91' lang='lat' dir='ltr'><strong>erat</strong></span> <span class='ocrx_word' id='word_1_676' title='bbox 784 4818 811 4875; x_wconf 93' lang='lat' dir='ltr'><strong>in</strong></span> <span class='ocrx_word' id='word_1_677' title='bbox 825 4817 927 4883; x_wconf 93' lang='lat' dir='ltr'><strong>nubilo,</strong></span> <span class='ocrx_word' id='word_1_678' title='bbox 977 4822 1120 4878; x_wconf 88' lang='lat' dir='ltr'><strong>tunitatem</strong></span> <span class='ocrx_word' id='word_1_679' title='bbox 1133 4829 1211 4878; x_wconf 84' lang='lat' dir='ltr'><strong>nacta</strong></span> <span class='ocrx_word' id='word_1_680' title='bbox 1225 4821 1385 4889; x_wconf 86' lang='lat' dir='ltr'><strong>solitudinis,</strong></span> <span class='ocrx_word' id='word_1_681' title='bbox 1396 4821 1564 4879; x_wconf 79' lang='lat' dir='ltr'><strong>rereeundioe</strong></span> <span class='ocrx_word' id='word_1_682' title='bbox 1573 4821 1671 4879; x_wconf 84' lang='lat' dir='ltr'><strong>tollens</strong></span> <span class='ocrx_word' id='word_1_683' title='bbox 1681 4824 1770 4893; x_wconf 86' lang='lat' dir='ltr'><strong>signa-</strong></span> 
     </span>
     <span class='ocr_line' id='line_1_52' title="bbox 131 4908 1770 4989; baseline -0.005 -12"><span class='ocrx_word' id='word_1_684' title='bbox 131 4922 267 4980; x_wconf 66' lang='lat' dir='ltr'><strong>meuitas</strong></span> <span class='ocrx_word' id='word_1_685' title='bbox 284 4917 433 4989; x_wconf 73' lang='lat' dir='ltr'><strong>aspirarit,</strong></span> <span class='ocrx_word' id='word_1_686' title='bbox 451 4923 524 4973; x_wconf 80' lang='lat' dir='ltr'><strong>coeur</strong></span> <span class='ocrx_word' id='word_1_687' title='bbox 541 4914 659 4971; x_wconf 84' lang='lat' dir='ltr'><strong>bdelium</strong></span> <span class='ocrx_word' id='word_1_688' title='bbox 675 4913 703 4968; x_wconf 92' lang='lat' dir='ltr'><strong>in</strong></span> <span class='ocrx_word' id='word_1_689' title='bbox 722 4910 836 4969; x_wconf 84' lang='lat' dir='ltr'><strong>eeclesia</strong></span> <span class='ocrx_word' id='word_1_690' title='bbox 859 4924 927 4966; x_wconf 83' lang='lat' dir='ltr'><strong>eou-</strong></span> <span class='ocrx_word' id='word_1_691' title='bbox 978 4912 1087 4981; x_wconf 85' lang='lat' dir='ltr'><strong>colunt,</strong></span> <span class='ocrx_word' id='word_1_692' title='bbox 1111 4908 1188 4967; x_wconf 92' lang='lat' dir='ltr'><strong>irruit</strong></span> <span class='ocrx_word' id='word_1_693' title='bbox 1201 4911 1227 4968; x_wconf 92' lang='lat' dir='ltr'><strong>in</strong></span> <span class='ocrx_word' id='word_1_694' title='bbox 1241 4922 1376 4968; x_wconf 86' lang='lat' dir='ltr'><strong>secretum</strong></span> <span class='ocrx_word' id='word_1_695' title='bbox 1390 4911 1497 4979; x_wconf 90' lang='lat' dir='ltr'><strong>loeum,</strong></span> <span class='ocrx_word' id='word_1_696' title='bbox 1521 4912 1691 4984; x_wconf 91' lang='lat' dir='ltr'><strong>intermmpit</strong></span> <span class='ocrx_word' id='word_1_697' title='bbox 1704 4914 1770 4970; x_wconf 92' lang='lat' dir='ltr'><strong>illud</strong></span> 
     </span>
     <span class='ocr_line' id='line_1_53' title="bbox 129 4999 1768 5086; baseline -0.006 -17"><span class='ocrx_word' id='word_1_698' title='bbox 129 5020 257 5086; x_wconf 69' lang='lat' dir='ltr'><strong>gregato.</strong></span> <span class='ocrx_word' id='word_1_699' title='bbox 277 5008 469 5067; x_wconf 81' lang='lat' dir='ltr'><strong>Gratulabatur</strong></span> <span class='ocrx_word' id='word_1_700' title='bbox 478 5014 564 5066; x_wconf 86' lang='lat' dir='ltr'><strong>eoetus</strong></span> <span class='ocrx_word' id='word_1_701' title='bbox 574 5003 692 5062; x_wconf 85' lang='lat' dir='ltr'><strong>bdelium</strong></span> <span class='ocrx_word' id='word_1_702' title='bbox 704 5001 930 5067; x_wconf 82' lang='lat' dir='ltr'><strong>orthodoxorum,</strong></span> <span class='ocrx_word' id='word_1_703' title='bbox 981 5001 1099 5058; x_wconf 73' lang='lat' dir='ltr'><strong>diuinum</strong></span> <span class='ocrx_word' id='word_1_704' title='bbox 1115 5001 1271 5072; x_wconf 86' lang='lat' dir='ltr'><strong>alloquium.</strong></span> <span class='ocrx_word' id='word_1_705' title='bbox 1296 4999 1367 5058; x_wconf 84' lang='lat' dir='ltr'><strong>Prob</strong></span> <span class='ocrx_word' id='word_1_706' title='bbox 1384 5001 1489 5058; x_wconf 83' lang='lat' dir='ltr'><strong>nudor!</strong></span> <span class='ocrx_word' id='word_1_707' title='bbox 1510 5001 1768 5069; x_wconf 70' lang='lat' dir='ltr'><strong>tauromenum,</strong></span> 
     </span>
    </p>
   </div>
   <div class='ocr_carea' id='block_1_7' title="bbox 135 5223 1771 5869">
    <p class='ocr_par' dir='ltr' id='par_1_7' title="bbox 135 5223 1771 5869">
     <span class='ocr_line' id='line_1_54' title="bbox 170 5223 1771 5306; baseline -0.004 -18"><span class='ocrx_word' id='word_1_708' title='bbox 170 5232 272 5288; x_wconf 81' lang='lat' dir='ltr'><strong>¹tttias</strong></span> <span class='ocrx_word' id='word_1_709' title='bbox 284 5248 345 5305; x_wconf 83' lang='lat' dir='ltr'><strong>cap.</strong></span> <span class='ocrx_word' id='word_1_710' title='bbox 362 5251 389 5291; x_wconf 87' lang='lat' dir='ltr'><strong>r.</strong></span> <span class='ocrx_word' id='word_1_711' title='bbox 980 5224 1098 5306; x_wconf 70' lang='lat' dir='ltr'><strong>actibus,</strong></span> <span class='ocrx_word' id='word_1_712' title='bbox 1118 5231 1189 5280; x_wconf 85' lang='lat' dir='ltr'><strong>mota</strong></span> <span class='ocrx_word' id='word_1_713' title='bbox 1207 5232 1247 5279; x_wconf 81' lang='lat' dir='ltr'><strong>est</strong></span> <span class='ocrx_word' id='word_1_714' title='bbox 1262 5227 1404 5296; x_wconf 74' lang='lat' dir='ltr'><strong>pumentia</strong></span> <span class='ocrx_word' id='word_1_715' title='bbox 1426 5226 1454 5283; x_wconf 85' lang='grc' dir='ltr'><strong>ιἰι</strong></span> <span class='ocrx_word' id='word_1_716' title='bbox 1471 5223 1642 5283; x_wconf 76' lang='lat' dir='ltr'><strong>Glur&#39;stionos.</strong></span> <span class='ocrx_word' id='word_1_717' title='bbox 1669 5224 1771 5283; x_wconf 83' lang='lat' dir='ltr'><strong>Desunt</strong></span> 
     </span>
     <span class='ocr_line' id='line_1_55' title="bbox 167 5303 1293 5446; baseline -0.006 -20"><span class='ocrx_word' id='word_1_718' title='bbox 167 5303 274 5428; x_wconf 52' lang='lat' dir='ltr'><strong>:lllaal</strong></span> <span class='ocrx_word' id='word_1_719' title='bbox 284 5317 409 5443; x_wconf 58' lang='lat' dir='ltr'><strong>cellss&#39;lr&#39;r.</strong></span> <span class='ocrx_word' id='word_1_720' title='bbox 440 5405 450 5421; x_wconf 77' lang='lat'>.</span> <span class='ocrx_word' id='word_1_721' title='bbox 982 5309 1191 5446; x_wconf 41' lang='grc' dir='ltr'><strong>111011ἱέιιοιιιιιιιι,</strong></span> <span class='ocrx_word' id='word_1_722' title='bbox 1207 5371 1293 5446; x_wconf 71' lang='lat' dir='ltr'><strong>terre.</strong></span> 
     </span>
     <span class='ocr_line' id='line_1_56' title="bbox 170 5431 1770 5510; baseline -0.004 -14"><span class='ocrx_word' id='word_1_723' title='bbox 170 5440 353 5510; x_wconf 70' lang='lat' dir='ltr'><strong>*Brennum</strong></span> <span class='ocrx_word' id='word_1_724' title='bbox 374 5440 559 5504; x_wconf 63' lang='lat' dir='ltr'><strong>sermonem</strong></span> <span class='ocrx_word' id='word_1_725' title='bbox 580 5437 665 5503; x_wconf 87' lang='lat' dir='ltr'><strong>aiibi,</strong></span> <span class='ocrx_word' id='word_1_726' title='bbox 686 5437 881 5494; x_wconf 81' lang='lat' dir='ltr'><strong>Scaudirrieror&#39;s</strong></span> <span class='ocrx_word' id='word_1_727' title='bbox 904 5444 933 5493; x_wconf 84' lang='lat' dir='ltr'><strong>nt</strong></span> <span class='ocrx_word' id='word_1_728' title='bbox 1020 5432 1030 5474; x_wconf 73' lang='lat'><strong><em>¹</em></strong></span> <span class='ocrx_word' id='word_1_729' title='bbox 1046 5432 1147 5489; x_wconf 78' lang='lat' dir='ltr'><strong>Passum</strong></span> <span class='ocrx_word' id='word_1_730' title='bbox 1159 5431 1269 5489; x_wconf 87' lang='lat' dir='ltr'><strong>lutmme</strong></span> <span class='ocrx_word' id='word_1_731' title='bbox 1282 5450 1449 5506; x_wconf 82' lang='lat' dir='ltr'><strong>percussum,</strong></span> <span class='ocrx_word' id='word_1_732' title='bbox 1459 5444 1488 5492; x_wconf 90' lang='lat' dir='ltr'><strong>et</strong></span> <span class='ocrx_word' id='word_1_733' title='bbox 1500 5436 1535 5492; x_wconf 95' lang='lat' dir='ltr'><strong>ob</strong></span> <span class='ocrx_word' id='word_1_734' title='bbox 1545 5434 1709 5507; x_wconf 88' lang='lat' dir='ltr'><strong>superbiam,</strong></span> <span class='ocrx_word' id='word_1_735' title='bbox 1720 5449 1770 5490; x_wconf 88' lang='lat' dir='ltr'><strong>ro·</strong></span> 
     </span>
     <span class='ocr_line' id='line_1_57' title="bbox 135 5500 1757 5580; baseline -0.005 -13"><span class='ocrx_word' id='word_1_736' title='bbox 135 5510 345 5580; x_wconf 77' lang='lat' dir='ltr'><strong>Sutdiuierrsis,</strong></span> <span class='ocrx_word' id='word_1_737' title='bbox 361 5511 394 5566; x_wconf 87' lang='lat' dir='ltr'><strong>ad</strong></span> <span class='ocrx_word' id='word_1_738' title='bbox 407 5510 523 5567; x_wconf 80' lang='lat' dir='ltr'><strong>Scaldim</strong></span> <span class='ocrx_word' id='word_1_739' title='bbox 538 5509 657 5564; x_wconf 87' lang='lat' dir='ltr'><strong>durium.</strong></span> <span class='ocrx_word' id='word_1_740' title='bbox 982 5505 1050 5563; x_wconf 90' lang='lat' dir='ltr'><strong>lunt.</strong></span> <span class='ocrx_word' id='word_1_741' title='bbox 1066 5503 1154 5573; x_wconf 77' lang='lat' dir='ltr'><strong>Aliqui</strong></span> <span class='ocrx_word' id='word_1_742' title='bbox 1167 5500 1287 5574; x_wconf 88' lang='lat' dir='ltr'><strong>laudant,</strong></span> <span class='ocrx_word' id='word_1_743' title='bbox 1302 5504 1431 5563; x_wconf 83' lang='lat' dir='ltr'><strong>Catullius</strong></span> <span class='ocrx_word' id='word_1_744' title='bbox 1444 5507 1482 5562; x_wconf 87' lang='lat' dir='ltr'><strong>ait</strong></span> <span class='ocrx_word' id='word_1_745' title='bbox 1496 5505 1564 5562; x_wconf 84' lang='lat' dir='ltr'><strong>tradi</strong></span> <span class='ocrx_word' id='word_1_746' title='bbox 1578 5506 1660 5563; x_wconf 88' lang='lat' dir='ltr'><strong>etiam</strong></span> <span class='ocrx_word' id='word_1_747' title='bbox 1673 5514 1757 5576; x_wconf 71' lang='lat' dir='ltr'><strong>mortu</strong></span> 
     </span>
     <span class='ocr_line' id='line_1_58' title="bbox 171 5573 1158 5654; baseline -0.01 -17"><span class='ocrx_word' id='word_1_748' title='bbox 171 5586 185 5622; x_wconf 63' lang='lat' dir='ltr'><strong>b</strong></span> <span class='ocrx_word' id='word_1_749' title='bbox 200 5581 348 5645; x_wconf 79' lang='lat' dir='ltr'><strong>Enetrsurn,</strong></span> <span class='ocrx_word' id='word_1_750' title='bbox 363 5581 502 5654; x_wconf 70' lang='lat' dir='ltr'><strong>{repentio</strong></span> <span class='ocrx_word' id='word_1_751' title='bbox 515 5594 568 5635; x_wconf 87' lang='lat' dir='ltr'><strong>uon</strong></span> <span class='ocrx_word' id='word_1_752' title='bbox 582 5579 732 5635; x_wconf 78' lang='lat' dir='ltr'><strong>extendunt.</strong></span> <span class='ocrx_word' id='word_1_753' title='bbox 983 5592 1036 5629; x_wconf 82' lang='lat' dir='ltr'><strong>rem</strong></span> <span class='ocrx_word' id='word_1_754' title='bbox 1049 5573 1158 5629; x_wconf 87' lang='lat' dir='ltr'><strong>obiisse.</strong></span> 
     </span>
     <span class='ocr_line' id='line_1_59' title="bbox 172 5642 1630 5721; baseline -0.004 -14"><span class='ocrx_word' id='word_1_755' title='bbox 172 5664 187 5693; x_wconf 58' lang='grc' dir='ltr'><strong><em>ε</em></strong></span> <span class='ocrx_word' id='word_1_756' title='bbox 202 5650 297 5707; x_wconf 71' lang='lat' dir='ltr'><strong>Editio</strong></span> <span class='ocrx_word' id='word_1_757' title='bbox 310 5646 434 5721; x_wconf 80' lang='lat' dir='ltr'><strong>iolgats,</strong></span> <span class='ocrx_word' id='word_1_758' title='bbox 449 5658 473 5705; x_wconf 86' lang='lat' dir='ltr'><strong>et</strong></span> <span class='ocrx_word' id='word_1_759' title='bbox 488 5652 514 5704; x_wconf 87' lang='lat' dir='ltr'><strong>irt</strong></span> <span class='ocrx_word' id='word_1_760' title='bbox 528 5658 602 5704; x_wconf 83' lang='lat' dir='ltr'><strong>traete</strong></span> <span class='ocrx_word' id='word_1_761' title='bbox 615 5650 743 5706; x_wconf 84' lang='lat' dir='ltr'><strong>canticum</strong></span> <span class='ocrx_word' id='word_1_762' title='bbox 758 5649 822 5721; x_wconf 76' lang='lat' dir='ltr'><strong>ejus.</strong></span> <span class='ocrx_word' id='word_1_763' title='bbox 1019 5655 1032 5689; x_wconf 73' lang='lat' dir='ltr'><strong>t</strong></span> <span class='ocrx_word' id='word_1_764' title='bbox 1046 5643 1076 5699; x_wconf 94' lang='lat' dir='ltr'><strong>ln</strong></span> <span class='ocrx_word' id='word_1_765' title='bbox 1088 5642 1149 5698; x_wconf 88' lang='lat' dir='ltr'><strong>aliis</strong></span> <span class='ocrx_word' id='word_1_766' title='bbox 1162 5642 1236 5700; x_wconf 78' lang='lat' dir='ltr'><strong>tois</strong></span> <span class='ocrx_word' id='word_1_767' title='bbox 1248 5642 1361 5713; x_wconf 80' lang='lat' dir='ltr'><strong>Romam</strong></span> <span class='ocrx_word' id='word_1_768' title='bbox 1377 5644 1511 5720; x_wconf 78' lang='lat' dir='ltr'><strong>proiectos</strong></span> <span class='ocrx_word' id='word_1_769' title='bbox 1524 5644 1630 5703; x_wconf 81' lang='lat' dir='ltr'><strong>dieitur.</strong></span> 
     </span>
     <span class='ocr_line' id='line_1_60' title="bbox 171 5712 1402 5791; baseline -0.007 -15"><span class='ocrx_word' id='word_1_770' title='bbox 171 5720 376 5791; x_wconf 67' lang='lat' dir='ltr'><strong>tuepemnmr</strong></span> <span class='ocrx_word' id='word_1_771' title='bbox 390 5721 416 5775; x_wconf 93' lang='lat' dir='ltr'><strong>in</strong></span> <span class='ocrx_word' id='word_1_772' title='bbox 435 5734 535 5776; x_wconf 82' lang='lat' dir='ltr'><strong>excuso</strong></span> <span class='ocrx_word' id='word_1_773' title='bbox 555 5719 612 5777; x_wconf 73' lang='lat' dir='ltr'><strong>bue</strong></span> <span class='ocrx_word' id='word_1_774' title='bbox 633 5720 714 5777; x_wconf 82' lang='lat' dir='ltr'><strong>rerba</strong></span> <span class='ocrx_word' id='word_1_775' title='bbox 734 5726 797 5774; x_wconf 90' lang='lat' dir='ltr'><strong>aute</strong></span> <span class='ocrx_word' id='word_1_776' title='bbox 820 5719 930 5788; x_wconf 83' lang='lat' dir='ltr'><strong>posita:</strong></span> <span class='ocrx_word' id='word_1_777' title='bbox 1019 5712 1124 5768; x_wconf 71' lang='lat' dir='ltr'><strong>itrrno</strong></span> <span class='ocrx_word' id='word_1_778' title='bbox 1139 5712 1202 5769; x_wconf 73' lang='lat' dir='ltr'><strong>tsi.</strong></span> <span class='ocrx_word' id='word_1_779' title='bbox 1398 5730 1402 5735; x_wconf 91' lang='lat'><strong>·</strong></span> 
     </span>
     <span class='ocr_line' id='line_1_61' title="bbox 141 5781 1276 5869; baseline -0.006 -21"><span class='ocrx_word' id='word_1_780' title='bbox 141 5791 174 5849; x_wconf 77' lang='grc' dir='ltr'><strong>[ἰ</strong></span> <span class='ocrx_word' id='word_1_781' title='bbox 184 5793 267 5867; x_wconf 62' lang='lat' dir='ltr'><strong>igitur</strong></span> <span class='ocrx_word' id='word_1_782' title='bbox 277 5789 485 5865; x_wconf 56' lang='lat' dir='ltr'><strong>disponerentur</strong></span> <span class='ocrx_word' id='word_1_783' title='bbox 502 5798 527 5845; x_wconf 90' lang='lat' dir='ltr'><strong>et</strong></span> <span class='ocrx_word' id='word_1_784' title='bbox 540 5790 603 5847; x_wconf 83' lang='lat' dir='ltr'><strong>loris</strong></span> <span class='ocrx_word' id='word_1_785' title='bbox 621 5794 665 5869; x_wconf 84' lang='lat' dir='ltr'><strong>qui</strong></span> <span class='ocrx_word' id='word_1_786' title='bbox 681 5788 894 5866; x_wconf 68' lang='lat' dir='ltr'><strong>disjungebantur</strong></span> <span class='ocrx_word' id='word_1_787' title='bbox 909 5797 932 5843; x_wconf 84' lang='lat' dir='ltr'><strong>et</strong></span> <span class='ocrx_word' id='word_1_788' title='bbox 1021 5785 1028 5824; x_wconf 79' lang='lat'><strong>¹</strong></span> <span class='ocrx_word' id='word_1_789' title='bbox 1047 5781 1198 5857; x_wconf 83' lang='lat' dir='ltr'><strong>Excusum,</strong></span> <span class='ocrx_word' id='word_1_790' title='bbox 1212 5781 1276 5843; x_wconf 78' lang='lat' dir='ltr'><strong>luce.</strong></span> 
     </span>
    </p>
   </div>
   <div class='ocr_carea' id='block_1_8' title="bbox 0 0 2074 6324">
    <p class='ocr_par' dir='ltr' id='par_1_8' title="bbox 0 0 2074 6324">
     <span class='ocr_line' id='line_1_62' title="bbox 0 0 2074 6324; baseline 0 0"><span class='ocrx_word' id='word_1_791' title='bbox 0 0 2074 6324; x_wconf 95' lang='lat' dir='ltr'><strong> </strong></span> 
     </span>
    </p>
   </div>
  </div>
 </body>
</html>
