4056 6356
264 422 314 479 ιιι
344 391 349 400 ’
781 417 810 472 s.
830 406 1007 470 ιιιιιιιιι
1025 406 1173 470 uersuum
1192 382 1374 468 t'rusrnnsrs
1837 408 1892 471 ιιι

246 568 249 573 ·
266 534 401 590 tercessit.
415 532 465 589 Per
475 533 615 588 caritatem
631 528 760 600 arguebat
778 538 910 592 errantes,
927 538 955 582 ιιι
967 529 1051 583 coni-
1066 534 1089 592 ,4
1103 537 1220 584 sectetur
1238 527 1392 598 exemplum
1418 526 1603 583 conversionis
1626 530 1652 583 iu
1675 528 1780 585 Paulo:
1796 540 1824 587 et
1843 537 1888 605 qui

265 616 393 692 gerentur
407 639 415 686 ;
429 622 631 692 percantarent
644 632 693 688 pro
707 616 885 687 lapidantibus
899 615 1001 679 orabat,
1018 631 1052 671 ne
1101 612 1188 670 b'orius
1202 624 1254 683 est,
1265 616 1418 685 equitatem
1443 629 1528 684 usque
1551 615 1587 670 ad
1612 617 1692 672 linem
1713 626 1819 686 teneat;
1844 624 1888 693 qui

267 714 437 783 punirentur.
452 708 577 762 Caritatis
587 708 686 763 virtute
705 706 842 770 subnixus,
856 705 920 759 uicit
943 702 1051 758 Saulum
1102 712 1191 758 nutem
1202 704 1287 758 molus
1308 711 1359 767 est3
1380 705 1566 771 quarrtociusa
1581 721 1629 760 sna
1644 709 1890 775 perversitate‘dis-

267 799 413 857 crudeliter
425 798 588 861 saevientem,
604 805 633 851 et
651 809 732 866 quem
755 794 848 849 babuit
861 793 887 847 io
903 804 974 846 terra
994 807 1053 860 per-
1103 792 1199 859 cedat;
1225 808 1275 848 noc
1300 794 1398 849 bonum
1421 794 1559 850 bominem
1581 798 1755 868 presumptio
1780 793 1896 869 iustitiae

267 895 427 951 secutorem,
449 886 475 940 in
490 874 562 941 coelo
575 885 672 939 meruit
694 883 793 938 babere
807 889 970 938 consortem.
992 880 1052 950 lpsa
1103 883 1183 939 laclat
1197 883 1385 953 negligentem,
1402 885 1559 941 nccmalum
1575 887 1724 956 iniqnitatis
1734 891 1890 947 considera·

261 980 359 1035 vstricta
373 985 401 1032 et
411 976 544 1032 indelessa
556 976 653 1032 caritas
675 974 835 1041 desiderarit
846 970 948 1027 orando
962 971 1054 1042 acqui·
1077 992 1082 997 ·
1103 973 1141 1029 tio
1154 974 1232 1028 iaciat
1243 973 1442 1043 desperantem,
1457 975 1505 1030 sed
1528 975 1573 1031 ille
1601 977 1701 1032 bouum
1727 980 1891 1036 innitente·

267 1081 329 1123 rere
356 1080 425 1136 quos
449 1065 569 1134 nequivit
593 1064 729 1120 monendo
760 1070 928 1118 corruertere.
962 1059 1055 1129 Neque
1103 1069 1176 1130 neat,
1191 1062 1242 1117 iste
1254 1062 1353 1117 malum
1368 1062 1493 1121 celeriter
1502 1063 1619 1119 deserat.
1635 1065 1726 1122 bonos
1749 1069 1844 1126 timeat
1858 1086 1891 1125 ne

268 1155 351 1220 euim,
375 1152 482 1219 iratres,
496 1150 688 1210 existimandus
702 1160 744 1207 est
756 1150 909 1220 Stephanus
924 1157 987 1204 tunc
1001 1147 1054 1202 ini·
1104 1150 1193 1219 cadat,
1207 1151 1293 1205 malus
1307 1158 1420 1207 conetur
1434 1161 1463 1230 ut
1473 1160 1574 1221 surgat.
1589 1152 1714 1223 Quisquis
1727 1169 1792 1225 ergo
1806 1158 1893 1214 malus

248 1245 354 1300 :micus
375 1244 531 1300 dilexisse·
555 1259 617 1299 cum
637 1257 688 1313 pro
708 1242 868 1303 oneraret,
891 1247 919 1294 el
942 1253 997 1294 4444
1019 1236 1056 1292 di·
1105 1252 1146 1299 est
1170 1259 1232 1298 cum
1255 1243 1337 1301 Paulo
1365 1252 1551 1315 prosternatur
1577 1246 1603 1300 in
1628 1247 1715 1313 malo,
1743 1254 1843 1303 otcum
1857 1264 1892 1304 en

269 1336 367 1391 lenisse
391 1351 451 1391 cum
471 1349 563 1390 eorum
585 1332 797 1389 incredulitatem
816 1330 953 1399 arguendo
976 1327 1057 1384 corri-
1105 1330 1223 1400 erigatur
1236 1331 1345 1387 inbono
1359 1349 1366 1384 ε
1382 1332 1548 1401 quoniamet
1569 1333 1615 1389 ille
1640 1335 1739 1389 cecidit
1751 1336 1849 1401 malos,
1864 1347 1892 1391 ot

269 1434 357 1499 peret.
370 1427 449 1482 Absit
460 1426 512 1482 boc
526 1426 560 1481 ab
571 1424 659 1479 aniona
671 1422 796 1494 martyris
806 1420 840 1476 ad
852 1420 913 1476 omli
927 1418 1056 1489 palatium
1105 1419 1223 1475 surrexit
1232 1420 1329 1477 bouus.
1345 1420 1498 1477 Prostratus
1512 1428 1554 1478 est
1567 1423 1684 1494 iniquus,
1696 1433 1724 1480 et
1734 1435 1842 1483 erectus
1851 1438 1895 1482 est

271 1515 430 1574 festinantis.
446 1515 506 1585 ipsa
520 1512 807 1570 enimsanctacaritas
825 1507 1057 1563 lirmamserrarit
1104 1509 1210 1578 justus3
1227 1510 1324 1567 cecidit
1343 1512 1505 1569 saevissimus
1531 1523 1701 1584 persecutor,
1725 1524 1752 1571 et
1775 1519 1892 1572 surrexit

219 1668 223 1673 ,
253 1635 256 1641 >
272 1608 300 1663 in
310 1607 434 1662 oratione
444 1605 612 1675 patientiam,
626 1618 686 1673 que
699 1601 811 1671 rigidam
825 1601 912 1656 tenuit
925 1601 952 1654 in
964 1601 1056 1653 co'rre-
1107 1598 1240 1656 veridicos
1252 1601 1452 1672 predicator.
1429 1614 1439 1640 r
1467 1602 1572 1659 Cadens
1592 1604 1683 1661 iumen
1706 1609 1829 1676 eorporis
1843 1608 1892 1662 inu-

270 1699 364 1770 ptione
378 1711 529 1753 censuram.
544 1693 577 1749 Et
596 1693 679 1750 ideo
673 1708 699 1748 ιι
712 1694 835 1748 oratione
858 1689 943 1744 audiri
958 1688 1058 1743 meruit
1106 1687 1166 1757 pius
1180 1689 1305 1759 perdidit,
1321 1704 1436 1760 surgens
1449 1700 1539 1747 autem
1550 1692 1641 1747 lumen
1652 1695 1741 1750 cordis
1762 1695 1892 1765 justitior·

272 1786 380 1853 lenitas,
402 1787 464 1855 quia
478 1784 537 1840 sine
560 1782 673 1837 caritate
695 1768 748 1836 non
767 1779 846 1835 4444Ι
839 1795 866 1838 ιι
888 1777 1058 1847 correptione
1108 1786 1152 1833 tus
1165 1779 1278 1850 accepit.
1291 1778 1459 1851 Coniunctus
1473 1790 1515 1837 est
1529 1782 1620 1852 itaque
1635 1782 1782 1854 Stephano,
1806 1786 1893 1844 lactus

272 1877 416 1933 seueritas:
428 1891 461 1930 ac
474 1889 523 1947 per
534 1874 595 1939 hoc,
610 1873 666 1927 siue
678 1871 792 1938 orando,
807 1870 863 1925 sire
876 1865 1056 1937 corripiendo,
1073 1873 1151 1952 Best
1164 1867 1221 1922 oris
1235 1884 1269 1924 ex
1280 1869 1354 1939 lupo.
1370 1868 1404 1924 Et
1417 1885 1480 1926 ecce
1493 1886 1564 1926 nunc
1577 1869 1675 1927 Paulus
1685 1888 1745 1929 cum
1755 1874 1893 1946 Stephano

273 1966 413 2023 4444444444
436 1965 530 2020 44444444
541 1961 695 2032 Stephanus
708 1959 866 2025 4444444444,
884 1958 946 2027 (4444
960 1955 1060 2010 4444444·
1110 1962 1223 2030 laeutrrr,
1238 1974 1297 2015 cum
1308 1957 1554 2029 Stephanollbristi
1567 1959 1689 2017 claritate
1711 1960 1724 2000 4
1739 1964 1892 2035 perimitur,

272 2053 450 2122 quesalutenr
464 2051 611 2107 errantium
634 2050 771 2119 cogitarit,
795 2056 822 2103 44
842 2047 941 2103 indicio
961 2052 1060 2101 sanctae
1109 2067 1169 2108 cnm
1183 2050 1321 2122 stephano
1335 2050 1465 2117 exsultat,
1480 2065 1540 2105 com
1556 2049 1694 2121 Stephano
1713 2064 1818 2125 regnat.
1835 2055 1892 2122 Quo

273 2141 406 2197 orationis
430 2140 547 2197 ostendit
568 2139 778 2210 increpationem
801 2137 873 2192 illam
901 2152 955 2192 non
977 2134 1060 2191 luisse
1109 2144 1179 2200 eninr
1213 2141 1351 2213 praecessit
1382 2140 1552 2212 Stephanus,
1578 2143 1726 2200 trucidatus
1761 2146 1904 2217 lapidibus

274 2229 339 2296 odii,
354 2231 402 2286 sed
414 2231 524 2285 amoris
1110 2232 1199 2300 Pauli,
1211 2232 1275 2288 illuc
1288 2238 1398 2288 secutus
1421 2239 1463 2287 cst
1476 2229 1585 2298 Paulus,
1599 2232 1707 2301 adiutus
1729 2236 1894 2294 orationibus

307 2322 335 2378 4.
354 2322 412 2378 lloc
425 2330 515 2378 antem
537 2321 647 2387 taciens,
670 2331 699 2378 ot
721 2321 898 2392 presentibus
920 2321 1060 2377 caritatem
1110 2323 1248 2395 stephani.
1370 2379 1373 2385 ,

260 2413 370 2467 ,beatus
383 2420 485 2482 martyr
494 2411 624 2477 exbiburt
636 2418 664 2465 et
676 2410 780 2466 utile
754 2410 832 2466 nimis
845 2410 995 2479 exemplum
1008 2423 1060 2479 po·
1145 2417 1170 2470 6.
1187 2414 1271 2482 Quam
1281 2430 1345 2471 rera
1355 2415 1409 2469 vita
1425 2424 1437 2452 ·
1440 2413 1556 2481 ,iratres
1569 2416 1643 2471 meil
1653 2415 1698 2470 ubi
1722 2431 1776 2471 non
1797 2415 1905 2472 Paulus-

258 2502 353 2557 ·steris
374 2499 491 2570 reliquit
514 2501 713 2556 bemonstrarit
732 2500 803 2556 enim
825 2501 904 2572 557
926 2499 1060 2567 6444444444
1110 2507 1145 2563 de
1158 2506 1287 2577 Stephani
1301 2506 1438 2565 occisione
1464 2505 1652 2571 contunditur,
1672 2507 1720 2563 sed
1743 2506 1904 2578 Stephanus

275 2588 453 2645 ecclesiastici
465 2587 661 2659 dispensatoris
683 2589 840 2646 iudustriam
857 2607 863 2643 :
878 2596 907 2643 ut
929 2588 963 2644 ad
977 2588 1061 2644 corri-
1110 2597 1145 2653 nn
1155 2596 1230 2651 Pauli
1253 2597 1389 2651 consortio
1411 2595 1580 2664 gratulatur,
1593 2597 1728 2665 quomam
1746 2598 1847 2653 caritas
1868 2600 1897 2653 in

274 2680 392 2749 gendum
410 2680 553 2750 cujuslibet
572 2681 709 2751 peccantis
722 2695 854 2749 errorem,
873 2688 969 2736 elnon
991 2680 1061 2736 desit
1111 2696 1225 2756 utroque
1233 2685 1350 2740 luctatur.
1371 2684 1477 2740 Caritas
1489 2685 1595 2755 quippe
1612 2685 1640 2740 io
1664 2684 1803 2756 Stephano
1817 2688 1893 2761 supe·

241 2774 246 2779 '
275 2771 302 2826 in
315 2785 363 2826 ore
373 2772 517 2842 correptio,
533 2779 561 2827 et
576 2771 610 2826 ad
623 2770 707 2827 boun
721 2787 771 2843 pro
791 2787 825 2828 eo
848 2772 960 2842 supplex
973 2771 1060 2827 elluo·
1111 2776 1181 2831 ravit
1193 2776 1323 2830 sevitiam
1335 2774 1499 2841 iudeorum,
1511 2775 1612 2830 carims
1621 2775 1648 2829 io
1659 2774 1743 2831 Paulo
1757 2777 1894 2846 cooperuit

277 2859 357 2915 datur
368 2861 465 2917 oratio.
482 2859 518 2915 Ut
528 2861 574 2931 qui
584 2861 683 2916 malum
696 2861 770 2924 lecit,
785 2876 834 2932 per
848 2862 1060 2931 increpationem
1111 2867 1308 2923 multitudinem
1328 2867 1408 2938 558
1421 2873 1604 2937 peccatorum,
1617 2867 1717 2923 caritas
1739 2867 1768 2920 in
1783 2876 1894 2936 utroqm

273 2948 308 3006 de
326 2949 403 3005 malit
420 2949 551 3020 operibus
574 2943 764 3017 confundatur,
788 2959 816 3007 el
839 2948 1060 3021 perorationem
1111 2961 1212 3033 pariter
1225 2975 1337 3030 regnum
1350 2959 1449 3016 meruit
1470 2958 1609 3030 possidere
1634 2959 1776 3016 caelorum.
1792 2959 1893 3016 Caritas

277 3042 348 3110 apud
361 3041 444 3096 licum
457 3038 613 3111 adjuretur3
628 3056 660 3097 ac
672 3043 712 3099 sic
726 3043 782 3111 ipsa
796 3042 904 3109 caritas,
920 3050 948 3099 et
972 3043 999 3097 in
1013 3057 1060 3098 ore
1112 3051 1194 3121 igitur
1205 3060 1247 3107 eut
1256 3051 1374 3105 omnium
1389 3046 1450 3105 lons
1462 3058 1491 3106 et
1514 3050 1590 3120 origo
1600 3051 1743 3118 bonorum
1758 3053 1891 3108 munimen

274 3128 406 3198 justitiam
420 3136 508 3195 sonet,
534 3138 564 3184 ut
586 3137 722 3186 errantem
742 3131 872 3200 corrigat3
895 3138 923 3185 et
938 3130 965 3186 in
979 3131 1060 3187 corde
1112 3140 1260 3208 egregium,
1277 3154 1319 3193 ιιιι
1332 3138 1475 3208 quardncrt
1495 3138 1529 3193 ad
1541 3139 1650 3194 coelum
1665 3138 1696 3194 lo
1717 3141 1825 3195 mritate
1845 3141 1891 3211 qui

274 3219 432 3297 patientiam
452 3226 551 3287 seruet,
576 3228 605 3274 ut
626 3235 676 3290 pro
694 3227 803 3276 errante
825 3219 973 3275 orationem
993 3234 1098 3316 puroe
1114 3228 1241 3295 ambulat,
1256 3244 1307 3284 nec
1317 3243 1408 3285 errare
1421 3229 1532 3299 poterit,
1545 3244 1596 3284 nec
1606 3229 1711 3285 trmero
1725 3229 1785 3301 ipsa
1795 3230 1892 3299 drrrgrt

274 3307 371 3364 ad'ectu
385 3308 538 3364 dilectionis
552 3306 679 3364 elluodat.
695 3307 746 3375 Qut
767 3309 840 3364 enim
857 3316 991 3364 errantem
1007 3323 1061 3363 non
1113 3318 1171 3390 ipso
1181 3318 1310 3390 protegit,
1332 3319 1389 3389 ipsa
1404 3317 1536 3389 perducit.
1552 3319 1695 3386 Quocirca
1706 3319 1815 3386 intres,
1828 3336 1895 3391 qun

275 3399 447 3468 4444444444
467 3396 501 3454 444
524 3397 685 3467 44444444444
703 3396 880 3468 mutuaturb3
904 3397 949 3467 (444
972 3404 1060 3452 4444444
1112 3409 1182 3464 tiam
1195 3409 1296 3464 scalam
1318 3410 1437 3466 caritatis
1450 3409 1734 3475 constituithristus,
1748 3427 1801 3482 per
1814 3424 1893 3481 quana

275 3502 325 3558 4444
338 3502 372 3544 44
386 3503 441 3543 444
454 3488 581 3554 44444444,
595 3488 629 3542 444
642 3488 761 3558 4444444444
772 3486 975 3544 4444444444·
990 3486 1062 3554 (4444·
1111 3498 1145 3554 ad
1159 3498 1256 3554 coelum
1282 3498 1370 3554 omnis
1395 3499 1483 3569 possit
1509 3496 1692 3556 conscendere
1712 3498 1897 3568 Christianos,

277 3576 361 3643 44444
387 3574 493 3642 4444444,
514 3575 537 3631 44
560 3575 667 3646 quando
685 3576 781 3645 44444444
799 3591 848 3647 l)ro
861 3575 956 3663 4444444444
976 3572 1083 3632 444444
1113 3603 1208 3659 puram
1223 3587 1365 3643 caritatem
1380 3580 1723 3659 commemoremini
1739 3589 1895 3645 robrsrnrr

210 3708 213 3713 1
274 3665 429 3737 corripitur,
440 3681 494 3721 non
506 3675 681 3736 aspernanter
688 3665 801 3738 accipiat
813 3666 914 3721 monita
927 3666 1170 3732 caritatis30n1n
1184 3677 1321 3740 exbibete,
1334 3676 1380 3730 et'
1373 3692 1400 3730 m
1413 3691 1445 3732 ea
1458 3675 1624 3748 prolicieudo
1650 3677 1833 3734 conscendite.
1843 3679 1897 3734 ’lu-

274 3764 495 3828 llecpraesenlem
510 3756 708 3812 iristitiamsllae
719 3754 1002 3824 volunlalisallelldltl‚
1015 3754 1062 3810 sed
1111 3764 1198 3820 sistite
1212 3766 1338 3835 operibus
1351 3752 1440 3829 bopig
1456 3766 1533 3821 ulad
1550 3766 1660 3836 [ommia
1683 3775 1785 3822 aeterm
1799 3784 1897 3838 pene.

276 3849 502 3917 consideretque
514 3847 721 3902 lucrantilitatis
733 3844 864 3915 acquirat.
879 3843 1062 3900 idcircoenrm
1113 3853 1171 3909 nire
1181 3855 1299 3925 possitis,
1311 3853 1395 3922 adjuti
1415 3855 1501 3923 gratia
1515 3854 1663 3911 Salvatoris
1685 3854 1707 3922 4,
1723 3857 1769 3927 gui
1794 3857 1858 3912 ririt
1870 3865 1905 3913 et·

275 3937 404 4007 arguitur,
420 3945 449 3991 ut
462 3952 478 3991 a
492 3936 582 4006 pravis
596 3936 722 4005 operibus
735 3934 893 4003 corrigatur.
908 3933 963 3990 Nec
972 3942 1061 3989 tameo
1112 3952 1207 4014 regnan
1216 3945 1243 3999 i„
1255 3945 1352 4001 saecnla
1370 3945 1539 4001 saeculorum,
1555 3946 1650 4002 Amen,

229 4034 232 4039 ’
273 4042 336 4082 cum
349 4026 632 4096 ridetcorrcptiooem
646 4025 733 4093 aliqua
749 4022 892 4079 rerbomm
906 4023 1063 4078 austeritate
1416 4075 1531 4134 sam
1548 4076 1592 4132 lv

274 4119 388 4191 terrere,
402 4117 537 4171 existimet
549 4116 688 4171 caritatem
711 4115 738 4168 in
751 4113 832 4169 corde
844 4112 995 4180 frigescere
1017 4111 1063 4168 Sic

273 4208 347 4263 enim
361 4206 489 4276 vigilatio
503 4221 550 4262 ore
572 4205 718 4275 comeptio,
741 4212 770 4259 ut
790 4204 818 4258 in
836 4203 919 4259 corde
932 4218 986 4259 non
1001 4204 1071 4258 dor·-
1113 4186 1154 4243 444
1167 4187 1332 4260 4444444444»
1350 4187 1429 4259 44444444
1444 4186 1613 4242 4444444444
1627 4203 1701 4253 44444
1715 4188 1899 4243 4444444444

276 4304 353 4357 mitet
365 4301 462 4356 oratio
479 4301 518 4357 Ac
530 4315 579 4372 per
601 4299 685 4366 boc,
678 4314 706 4354 ιιι
728 4296 977 4368 utroquepeccanti
998 4311 1063 4351 oon·
1436 4276 1583 4349 4444444444

274 4394 346 4450 culte
359 4393 531 4464 prospicitur,
542 4398 572 4448 ut
581 4392 644 4447 dnm
657 4391 739 4446 bomo
752 4398 893 4460 correptus
905 4387 939 4443 de
951 4393 1063 4459 peccato
1149 4392 1175 4447 l.
1189 4390 1289 4454 Nostis,
1305 4388 1401 4444 iratres
1426 4382 1568 4453 carissimi,
1584 4386 1647 4456 quia
1668 4384 1725 4440 dies
1749 4386 1801 4440 iste
1825 4386 1900 4454 quia

277 4482 458 4551 oonirrnditur,
479 4492 508 4538 et
531 4498 546 4538 a
566 4481 643 4537 malis
663 4480 789 4551 operibus
810 4487 951 4549 separetur
964 4485 993 4534 et
1015 4493 1063 4549 per
1114 4481 1229 4537 nobisin
1244 4479 1376 4535 bonorem
1390 4477 1495 4532 Domini
1510 4489 1656 4547 peraunos
1680 4466 1801 4543 singulos
1829 4475 1901 4531 cele·

248 4573 251 4579 ’
276 4575 426 4629 orationem
442 4571 509 4645 (lieo
523 4571 683 4643 miserante)
698 4571 825 4626 salvetur.
847 4568 913 4623 llam
928 4576 956 4624 et
969 4576 1063 4623 sancta
1077 4608 1100 4666 ὓ
1113 4576 1215 4639 beatur,
1231 4587 1280 4627 ure
1289 4571 1447 4626 cunctorum
1462 4567 1578 4623 lidelium
1591 4566 1743 4638 Epiphania
1758 4565 1903 4621 venerabi·

275 4663 414 4734 Scriptura
428 4661 508 4718 dicit:
523 4663 650 4730 montom
668 4677 742 4733 quem
755 4659 839 4730 diligit
856 4658 991 4726 Dominus,
1006 4674 1064 4713 cor·
1114 4662 1174 4717 liter
1188 4668 1365 4730 nuncupatur.
1377 4656 1412 4712 Et
1424 4657 1486 4727 quia
1496 4655 1619 4712 Graecum
1632 4656 1760 4726 probatur
1771 4668 1836 4710 esse
1857 4670 1904 4710 ro·

180 4736 184 4749 ⁸
275 4755 336 4823 ripit
356 4770 365 4808 .·
386 4753 504 4825 flagellet
532 4762 617 4807 aetem
642 4767 743 4807 omnem
766 4749 849 4819 filium
872 4765 944 4821 prtem
973 4749 1063 4818 recipit
1113 4749 1354 4816 sabulum,'multis
1379 4757 1420 4805 est
1440 4748 1544 4805 Latinis
1571 4738 1745 4817 incognitum.
1770 4746 1838 4804 lude
1863 4758 1906 4803 444

275 4841 366 4913 (Pron.
387 4859 425 4907 ιιι,
448 4842 502 4912 44).
1113 4841 1185 4912 quod
1198 4855 1295 4896 nomen
1309 4837 1380 4894 istud
1391 4853 1485 4894 omnes
1503 4837 1613 4910 quidem
1632 4837 1721 4892 Latini
1735 4835 1842 4903 dicunt,
1857 4834 1909 4915 sed

270 4958 276 4963 ·
310 4932 337 4988 5·
352 4924 450 4989 04444444
466 4947 530 5002 ergo
545 4932 656 4989 44444444
668 4931 810 5001 4444444444,
829 4937 857 4985 44
867 4930 954 4985 bonos
969 4929 1062 4984 lrorta-
1113 4948 1167 4988 non
1183 4926 1279 4988 ornnes
1290 4930 1464 4987 inveniuntur
1474 4946 1555 4987 nosse
1567 4930 1640 5001 guod
1665 4929 1905 4987 ottonom-orode

274 5019 386 5089 mur,‘nt
398 5016 425 5077 in
439 5017 510 5077 bono
523 5012 711 5091 permaneant,
727 5027 754 5074 et
764 5018 849 5073 malos
859 5016 1057 5087 compellimus,
1111 5019 1211 5076 bonurn
1224 5026 1264 5075 est
1275 5027 1305 5074 ut
1314 5019 1403 5074 cuncti
1414 5019 1459 5090 qni
1469 5018 1539 5074 diem
1550 5018 1709 5075 hodiernum
1724 5017 1906 5088 Epiphaniam

261 5094 333 5167 *uta
357 5111 431 5167 malo
456 5110 614 5166 discedant:
632 5109 781 5179 presertim
804 5107 931 5176 qnoniam
955 5108 981 5160 in
1003 5107 1060 5161 istie
1113 5116 1280 5180 nuncupant,
1295 5118 1324 5163 ct
1336 5125 1384 5164 cur
1397 5108 1568 5184 hoc-dicatur
1590 5111 1732 5180 ignorant,
1744 5124 1906 5166 sacramen-

274 5203 381 5259 duobus
394 5202 495 5258 sanetis
519 5202 653 5271 geminum
677 5199 754 5255 nobis
781 5204 949 5253 monstratur
967 5198 1060 5253 salotis
1113 5207 1169 5254 tum
1183 5198 1236 5254 diei
1246 5196 1324 5267 hujus
1350 5198 1466 5252 nominis
1479 5198 1701 5270 interpretatione
1724 5205 1904 5267 cognoscant.

275 5295 422 5350 iodicium:
439 5302 468 5348 nt
493 5293 515 5346 si
539 5292 599 5361 (tuis
621 5292 707 5346 bonus
726 5298 776 5354 est,
793 5289 913 5344 imitetur
935 5304 1059 5359 perseve-
1114 5293 1198 5349 [tebet
1212 5292 1281 5347 enirn
1293 5291 1345 5346 diei
1360 5289 1439 5360 hujus
1452 5291 1607 5347 solemnitas
1620 5304 1635 5345 a
1649 5290 1771 5347 ddelibus
1780 5290 1907 5347 celebra·

272 5387 387 5441 mortam
401 5385 520 5441 caritatis
535 5383 561 5437 io
575 5382 728 5452 Stephano;
744 5381 790 5450 qui
801 5388 890 5435 autem
906 5380 1057 5443 arciuusest,
1113 5382 1155 5447 ri,
1182 5368 1214 5435 et
1233 5379 1303 5434 ideo
1318 5380 1496 5436 solemnitatis
1509 5395 1589 5439 causa
1600 5374 1654 5435 non'
1676 5381 1757 5437 debet
1772 5372 1906 5447 ignorari.

308 5552 320 5580 4
339 5543 368 5599 ln
379 5561 431 5600 uno
444 5562 493 5600 ms
513 5561 566 5602 nou
583 5544 706 5610 leguntur
717 5542 783 5606 ltacc,
797 5543 918 5596 irrinricor
937 5539 1061 5595 dimisse
1131 5543 1250 5610 -.,44444
1264 5544 1485 5600 ΟΙιιὶιιιιιιιιιιιιι.

272 5627 330 5665 crum
356 5630 402 5683 pro
428 5616 467 5672 eit
489 5624 584 5680 orurct,
609 5623 678 5677 etc.;
695 5626 744 5666 uec
767 5627 827 5682 qum
852 5620 963 5680 postea,
989 5609 1062 5663 ttttr
1150 5613 1239 5669 blss.
1246 5613 1353 5679 Quom
1368 5613 1511 5669 ucrobcnta
1524 5617 1585 5669 uite.

273 5680 330 5741 bor,
343 5690 395 5737 etc.
1150 5682 1158 5719 ¹
1181 5681 1229 5737 ils.
1246 5700 1322 5745 unus,
1341 5683 1443 5737 {lentini
1464 5686 1545 5739 nostri
1574 5681 1727 5738 Snlootorir.
1756 5679 1804 5736 lis.
1811 5681 1906 5748 altor

310 5751 384 5805 4444.
390 5752 602 5822 ,ιἰιιιιιιιιιιιιι...
617 5750 838 5804 corrdcrnrtobitnr
934 5746 939 5757 ‘
1111 5762 1264 5823 cooperunte
1281 5751 1400 5809 Dnroino

310 5820 397 5886 ·.lls.,
408 5832 432 5873 ιι
444 5837 493 5873 ore
496 5830 542 5874 tus
557 5831 594 5874 cet
603 5819 767 5889 fidelissimus
781 5820 944 5887 predicator
