4106 6330
244 409 279 467 95
397 352 402 361 ¹
721 402 749 459 S.
771 400 952 458 munusturi
971 399 1204 458 Tounscuusts
1222 401 1375 458 crisconi
1835 400 1875 454 VD

244 520 452 577 utsalsaremnr
472 530 520 586 per
534 513 668 569 ietntnam
694 510 813 567 Gaudeat
835 525 918 580 genus
935 508 1029 565 huma·
1043 511 1174 580 Apossit
1188 526 1319 582 pauperes
1331 512 1439 576 nutriat
1456 511 1664 591 hospitalitatem
1674 518 1803 578 sectetur
1819 528 1871 566 nu·

235 629 320 678 num,
332 611 455 666 Christus
469 623 541 664 ιιιιιιι
557 606 684 670 nascitur,
699 615 729 659 ιι
740 602 836 659 salibus
849 618 945 673 patnns
958 601 1031 656 obst
1079 601 1142 657 dum
1170 603 1211 657 tel
1240 598 1291 657 rili
1315 604 1477 689 ιιιιίιιιψιο
1505 603 1653 673 cooperiat.
1688 601 1754 658 Cum
1779 610 1868 657 antem

243 713 287 761 tus
310 704 336 758 iu
360 702 472 774 prmsepi
491 699 645 755 animalium
665 696 784 767 ponitur.
807 695 906 750 Vilitas
923 694 1029 766 quidem
1079 691 1202 749 cbristus
1215 692 1249 748 de
1263 694 1342 748 terris
1354 692 1387 748 ad
1401 693 1484 749 coelos
1497 693 1652 758 ascendere,
1668 692 1702 749 de
1716 691 1820 748 iniemo
1835 686 1869 748 ad

197 790 198 793 ’
221 838 222 841 ι
242 810 393 869 pannorum
403 808 527 864 magnum
541 799 569 846 et
583 788 761 845 inenarrabile
771 795 813 843 est
822 782 1027 842 sacramentum.
1080 785 1219 856 superiora
1232 786 1346 841 transire
1359 785 1450 852 vellet,
1466 794 1496 841 ut
1505 785 1641 857 discipulis
1651 786 1706 840 suis
1717 786 1796 854 longe
1807 793 1877 840 ante·

243 885 290 940 llis
304 899 374 939 enttn
389 883 477 938 uilitas
489 892 668 951 pannoruma
683 877 768 946 alagus
778 878 934 941 adoratur
917 878 1030 951 ipsique
1080 876 1259 946 praedixerat,
1275 883 1389 932 moriem
1399 877 1528 946 pertulit
1540 881 1570 930 ut
1581 885 1702 930 mortuos
1716 884 1827 946 peccato
1838 876 1870 930 lt

243 991 328 1048 puero
342 975 369 1029 in
384 974 515 1045 praesepio
526 971 638 1061 iacenti,
658 977 686 1026 et
699 985 781 1040 super
794 969 939 1037 angelicam
952 984 1030 1024 crea·
1079 962 1196 1020 iteraret.
1210 964 1377 1035 Ptmdicavit,
1388 974 1417 1021 ut
1427 967 1498 1021 viam
1510 966 1604 1022 salotis
1613 966 1691 1021 nobis
1702 966 1868 1022 ostenderet.

243 1066 473 1136 turamregnanti,
480 1080 581 1127 nurum,
590 1039 921 1133 tissetmqrrlroollertur.
929 1061 1031 1115 Aurum
1081 1048 1259 1122 Resurrexit,
1295 1064 1329 1111 ut
1348 1056 1498 1113 virilicatos
1522 1057 1617 1112 ιίιιιι
1633 1056 1744 1111 laceret.
1776 1057 1869 1125 Cuius,

243 1164 321 1218 decet
343 1173 448 1229 ιιιιιιι,
470 1158 556 1213 ιιιιιιι
575 1154 677 1213 oblatio
699 1168 826 1224 magnum
845 1151 1029 1217 sacerdotem,
1081 1146 1232 1212 carissimi,
1258 1163 1308 1203 nos
1333 1156 1477 1219 sequentes
1500 1149 1611 1217 vestigia
1639 1163 1694 1203 non
1718 1149 1871 1219 placeamus

242 1253 350 1325 myrrha
362 1265 428 1306 uero
442 1255 608 1304 mortuorunt
621 1247 795 1318 sepulturam.
806 1247 908 1300 Aurum
922 1244 1031 1313 quidem
1082 1236 1299 1308 nobismetipsis,
1315 1239 1362 1295 sed
1376 1240 1431 1295 Deo
1451 1246 1478 1294 et
1492 1241 1625 1310 proximo.
1645 1239 1690 1295 Sic
1708 1239 1778 1293 enirn
1794 1238 1872 1295 lesus

242 1343 374 1435 signifieat
389 1342 484 1397 Filium
498 1340 591 1395 Deles
606 1338 715 1408 Virgine
729 1345 831 1402 natum,
848 1336 904 1406 iam
919 1337 946 1391 in
961 1344 1032 1392 terra
1081 1342 1142 1383 cum
1152 1342 1247 1397 pacem
1260 1330 1431 1385 annuntiaret
1442 1331 1563 1402 populo
1584 1329 1721 1400 discipulis
1736 1330 1791 1385 nit:
1809 1328 1871 1384 Non

189 1418 213 1480 «Ῐ
241 1448 364 1503 regnare.
372 1432 445 1488 'lbns
453 1446 519 1487 uero
530 1444 663 1485 summum
677 1427 846 1485 sacerdotem
861 1428 1032 1499 sepronobis
1080 1420 1137 1475 veni
1158 1421 1243 1491 [acm
1263 1422 1418 1479 uoluntatem
1438 1441 1541 1495 meam,
1571 1425 1626 1479 sed'
1640 1425 1712 1479 illins
1736 1424 1778 1495 qni
1786 1425 1873 1477 misit

241 1526 358 1582 hostiam
371 1522 444 1579 Patri
457 1522 560 1578 coelesti
575 1520 681 1578 offerre.
707 1520 813 1592 Myrrha
827 1535 893 1576 vero
907 1519 1031 1575 eumdem
1082 1526 1132 1565 ute.
1149 1509 1217 1566 Cum
1230 1513 1301 1567 enim
1315 1513 1399 1570 Filius
1413 1515 1529 1571 hominis
1545 1504 1711 1571 uoluniuiem
1726 1514 1773 1569 [lei
1788 1514 1872 1568 adint-

242 1616 358 1684 Virginis
372 1613 467 1670 Filinm
482 1628 531 1684 pro
544 1611 630 1669 salute
646 1608 757 1665 humant
767 1624 874 1680 genens
885 1610 992 1681 sepeltn
1005 1618 1033 1665 ιι
1082 1601 1185 1672 ultrei,
1201 1602 1290 1659 ludaei
1299 1604 1423 1660 dicebant
1444 1606 1518 1661 illum
1543 1621 1657 1677 peccare
1671 1606 1697 1660 in
1713 1604 1812 1670 Deum,
1827 1604 1873 1673 qui

240 1719 393 1775 resurgere
400 1701 1033 1774 PanniergoqnibnsVirgomateriniantemcir·
1083 1694 1172 1762 potios
1187 1693 1282 1749 Filium
1297 1712 1351 1751 uon
1365 1697 1520 1767 recipiendo
1535 1712 1614 1767 quem
1631 1698 1749 1763 miserat,
1764 1697 1872 1752 latrem
1962 1734 1971 1751 .

242 1798 381 1868 conligat,
391 1805 483 1853 nostra
497 1797 668 1850 scimusesse
683 1794 851 1864 peccamina,
856 1793 1032 1862 dicentepro-
1082 1786 1328 1854 exprobraverunt,
1353 1798 1380 1844 et
1400 1789 1570 1846 ideoVilinm
1586 1791 1631 1845 Dei
1647 1790 1692 1859 qui
1708 1791 1751 1845 nil
1757 1790 1870 1846 commi

242 1889 343 1961 pheta.
373 1886 436 1941 Vere
455 1886 620 1957 infirmitates
646 1892 759 1939 nostros
770 1885 853 1949 tulit,
878 1892 905 1937 et
926 1892 1031 1948 perenn
1048 1871 1164 1941 Deerat,
1176 1878 1263 1932 erucis
1280 1879 1435 1949 patibulo
1413 1897 1472 1935 sme
1489 1897 1569 1937 causa
1584 1880 1735 1936 alliserunt.
1758 1878 1881 1935 Peccata·

242 1989 332 2036 nomo
342 1996 399 2051 epse
412 1974 601 2049 personinPer
613 1975 739 2031 hostiles
749 1990 852 2045 pannos
862 1973 1030 2029 utanxlestum
1082 1979 1146 2035 crgo
1160 1969 1328 2036 peccantium
1342 1971 1497 2026 ceciderunt
1511 1986 1592 2042 super
1603 1970 1757 2038 Christum
1774 1971 1818 2039 qui
1836 1971 1874 2025 in·

242 2081 284 2128 est
298 2072 384 2141 ipsum
398 2076 490 2124 nostra
502 2081 651 2136 suscepisse
663 2065 770 2121 delicta
790 2064 867 2131 Quod
883 2073 971 2119 antem
984 2080 1032 2135 pn·
1082 2059 1404 2130 nocensiuventusquasi
1418 2061 1589 2132 blasphemus
1603 2062 1770 2118 occisusest.
1791 2061 1872 2116 Dein-

238 2162 317 2218 nitur
330 2161 359 2216 in
369 2159 459 2215 medio
470 2158 582 2215 duorum
595 2155 769 2224 animalium,
792 2154 979 2210 inaestimabile
991 2163 1033 2209 esi
1082 2150 1116 2209 de
1129 2151 1216 2206 ructor
1223 2150 1352 2208 Dominus
1361 2153 1439 2211 lesus
1449 2156 1603 2227 exspolians
1615 2156 1673 2211 loca
1686 2157 1880 2222 tenebrarum,

242 2252 292 2308 Dei
305 2250 469 2323 mysterium.
491 2246 560 2304 Eece
573 2248 712 2318 impletum
732 2256 772 2302 est
787 2246 860 2317 quod
875 2260 941 2303 uoce
962 2247 1033 2302 Aba·
1083 2244 1162 2299 tertia
1177 2245 1221 2300 die
1235 2249 1401 2314 resurrexit,
1418 2258 1446 2304 et
1464 2250 1490 2303 in
1507 2249 1590 2305 coelns
1613 2248 1683 2304 unde
1696 2247 1875 2304 descenderat

241 2338 564 2412 eucpropbetaedtcnur
582 2338 708 2403 Domine,
725 2337 1032 2403 numerumnunerum
1083 2332 1340 2393 lelrcttcrascendri
1361 2339 1501 2406 Quomodo
1516 2349 1605 2396 autem
1620 2341 1772 2396 hnmanitas
1783 2354 1883 2395 ascen

243 2443 269 2490 et
283 2434 375 2500 timui.,·
401 2429 562 2487 considerari
580 2446 659 2501 opero
672 2438 715 2483 ιιι
729 2437 753 2483 et
766 2430 877 2500 ιιριιίι
900 2429 927 2483 in
949 2429 1033 2483 medio
1085 2426 1146 2493 dit,
1174 2428 1225 2483 nisi
1248 2430 1325 2497 quia.
1330 2429 1421 2486 Deitas
1440 2432 1514 2511 prius
1533 2431 1698 2488 deseendit
1690 2447 1719 2486 ιιι
1734 2431 1874 2485 interiores

243 2526 353 2581 duorum
366 2526 527 2580 animalium.
548 2522 621 2578 Bene
632 2529 723 2578 autem
737 2520 820 2576 Filius
834 2521 971 2576 bominis'
965 2528 1035 2575 inter
1083 2527 1174 2587 partes
1188 2527 1275 2586 terre,
1292 2530 1320 2575 ut
1335 2521 1457 2577 buntanoe
1467 2523 1588 2578 uniretur
1602 2523 1720 2577 natmaet
1732 2521 1879 2576 Descendit

243 2616 306 2673 vilia
321 2617 430 2687 ponitur
442 2614 577 2669 animalia
599 2611 658 2683 lpse
672 2613 799 2668 ostentm
815 2613 868 2666 rita
883 2612 1033 2676 bominum,
1084 2609 1155 2663 enim
1170 2609 1285 2665 emimus
1298 2609 1397 2680 Deitas,
1409 2620 1438 2667 nt
1452 2613 1608 2668 ascenderet
1622 2612 1808 2682 Redemptons
1821 2613 1873 2667 bu

244 2715 339 2779 pastus
350 2706 518 2776 angelorum,
530 2712 558 2761 et
567 2705 695 2777 pabulum
707 2703 901 2772 iumentorum.
921 2703 1035 2776 ilporte·
1085 2700 1210 2755 manitas.
1237 2700 1296 2771 lpse
1310 2710 1352 2758 est
1369 2720 1421 2759 una
1436 2704 1485 2759 ead
1502 2720 1582 2774 mque
1607 2716 1731 2777 persona.
1761 2706 1874 2777 Semper
1893 2728 1895 2734 ·

244 2798 292 2855 bat
303 2811 369 2867 ergo
384 2805 413 2851 ut
426 2797 472 2852 ille
485 2796 532 2866 qui
543 2803 602 2852 erat
612 2794 690 2866 panis
705 2794 792 2862 uivus,
816 2794 955 2849 interduo
976 2793 1034 2847 ani·
1085 2792 1194 2847 enimin
1207 2784 1294 2856 Patre,
1310 2809 1451 2864 sempera,
1462 2795 1496 2851 nd
1510 2796 1626 2863 Patrem,
1639 2812 1746 2867 semper
1754 2795 1803 2851 luit
1814 2796 1877 2851 euni

245 2889 325 2946 melia
340 2890 367 2944 in
379 2889 456 2944 cunis
468 2888 579 2956 vagiens
593 2888 755 2943 mitteretur.
775 2886 834 2956 lpse
848 2894 889 2941 est
903 2887 975 2941 enim
989 2886 1035 2955 qui
1086 2883 1178 2941 Patre.
1197 2884 1261 2941 Post
1275 2886 1459 2941 ascensionem
1478 2901 1585 2957 quoqne
1598 2886 1773 2942 humanitatis
1791 2887 1875 2958 Spiri-

247 2982 306 3037 ait:
322 2980 378 3053 Epo
392 2997 447 3035 ιιιιι
462 2981 537 3051 penis
549 2980 634 3046 sinis,
655 2979 698 3050 qni
712 2978 745 3032 tle
758 2980 819 3033 coelo
830 2978 961 3032 descendi.
978 2977 1036 3047 lpse
1086 2981 1142 3028 tntn
1155 2975 1320 3030 sanctnm‘in
1341 2975 1426 3044 igneis
1444 2974 1540 3044 linguis
1553 2986 1726 3047 apparentem
1739 2976 1876 3047 discipulis

246 3078 289 3126 est
302 3070 393 3152 dgnus
406 3069 536 3136 mulidus,
551 3068 628 3139 cujns
642 3069 772 3143 illibatum
786 3076 1036 3139 corpuspostqunm
1086 3066 1167 3120 misit.
1196 3065 1311 3136 Spiritus
1330 3067 1439 3138 quidem
1454 3067 1513 3122 Villi
1531 3069 1689 3134 virtusest,
1705 3067 1810 3137 quade
1830 3056 1876 3123 illo'

248 3178 264 3217 a
277 3162 418 3218 sacerdote
432 3161 512 3216 luerit
527 3167 708 3225 attrectatum,
724 3168 752 3215 et
765 3162 799 3216 ab
812 3162 885 3215 omiti
904 3159 975 3216 lideli
990 3177 1040 3230 po·
1087 3157 1188 3222 exibat,
1203 3166 1231 3212 et
1243 3159 1355 3212 sanabat
1367 3174 1470 3214 onmes.
1492 3159 1593 3215 Dicitur
1603 3168 1691 3214 tamen
1703 3175 1717 3214 a
1730 3161 1808 3214 Patre
1818 3174 1878 3230 pro·

247 3256 312 3326 pulo
326 3263 485 3320 comestum,
498 3260 640 3324 permanet
653 3253 763 3308 illaesum
773 3263 800 3309 et
812 3254 1037 3327 inconsumptum.
1051 3232 1074 3293 C
1090 3247 1195 3312 cedere,
1208 3249 1277 3303 etad
1290 3250 1375 3319 iusum
1388 3250 1481 3305 referri
1496 3251 1585 3311 solet:
1600 3251 1633 3306 (le
1644 3267 1698 3319 uuo
1712 3260 1740 3306 et
1755 3253 1811 3322 ipse
1824 3236 1878 3314 esi.

249 3347 393 3414 Postquam
407 3357 471 3413 crgo
485 3344 624 3414 impletum
638 3344 763 3413 estquod
778 3343 811 3399 de
829 3353 907 3415 partu
921 3344 1039 3414 Virginis
1089 3348 1117 3394 et
1135 3339 1205 3409 quod
1226 3340 1310 3410 ipsius
1327 3349 1377 3397 est.
1398 3341 1457 3412 lpse
1471 3357 1587 3412 nonique
1599 3340 1722 3397 Christus
1744 3342 1876 3413 perhibet,

248 3434 389 3507 prophetae
398 3433 583 3504 prodiderunt,
600 3441 627 3488 et
638 3432 799 3503 patriarchae
813 3435 956 3505 preconati
967 3442 1036 3502 sunt,
1088 3431 1199 3488 diceris:
1220 3431 1281 3487 ileo
1290 3435 1412 3501 doctrino
1427 3451 1478 3488 non
1492 3443 1531 3488 est
1545 3451 1612 3503 rnen,
1626 3433 1671 3487 sed
1684 3434 1793 3506 ejusqui
1807 3435 1876 3487 mint

249 3524 392 3593 omniaque
413 3523 547 3593 completa
561 3537 621 3592 quae
635 3539 683 3594 per
700 3524 853 3580 Gabrielem
866 3526 990 3594 angelum
1004 3526 1038 3581 de
1089 3540 1139 3579 nte.
1151 3525 1173 3578 ti
1184 3524 1262 3580 Patre
1273 3524 1342 3579 enim
1353 3525 1522 3581 habetFilius
1533 3533 1562 3580 ut
1571 3525 1691 3581 sitDeus.
1703 3524 1750 3578 Est
1760 3520 1830 3579 enim
1843 3524 1876 3579 de

249 3614 359 3671 Christo
379 3614 522 3685 oportebat
542 3612 619 3681 lieri,
644 3625 803 3685 compotens
829 3616 878 3671 init
902 3624 931 3672 ut
955 3633 1040 3673 novus
1089 3615 1155 3683 Deo,
1167 3616 1247 3672 Dens.
1259 3617 1356 3673 Abillo
1366 3617 1447 3673 habet
1460 3626 1491 3677 ut
1499 3617 1532 3674 de
1543 3618 1602 3689 ipso
1619 3618 1747 3688 procedat
1759 3615 1879 3686 Spiritus

248 3705 330 3763 bomo
344 3706 492 3778 procedens
502 3706 535 3761 de
546 3706 655 3762 bomine
668 3707 792 3770 mondus,
808 3707 882 3776 virgo
896 3716 991 3763 erutus
1005 3708 1039 3764 ds
1088 3718 1206 3766 sanctus.
1222 3710 1318 3781 igitur,
1332 3710 1427 3767 iratres
1440 3712 1583 3775 carissimi,
1599 3712 1688 3767 debita
1704 3711 1884 3787 ueneratione

249 3797 372 3866 virgine,
392 3811 490 3851 novant
504 3797 554 3851 sibi
569 3796 721 3866 acquireret
735 3796 881 3851 familiam:
908 3804 937 3853 ιι
950 3799 996 3867 qni
1011 3800 1038 3854 in
1088 3801 1289 3871 frequentemus
1303 3802 1445 3858 adventum
1462 3803 1568 3858 Domini
1586 3804 1671 3859 nostri
1687 3802 1751 3859 lesu
1765 3800 1880 3858 Christi..

249 3889 320 3945 ooelo
333 3887 496 3943 adorabatur
507 3888 541 3941 ab
555 3886 665 3955 angelis,
682 3886 791 3953 angelos
805 3887 888 3941 etiam
902 3887 952 3942 sibi
964 3888 1038 3943 insti·
1089 3890 1232 3960 aniamus
1246 3893 1413 3963 snperbiam,
1427 3908 1461 3948 ne
1476 3894 1503 3948 in
1518 3894 1649 3950 inler‘nnm
1663 3896 1826 3960 obruamur,
1849 3884 1883 3948 ιι.

250 3985 339 4033 tueret
363 3977 499 4031 interris.
531 3975 631 4031 Deinde
654 3976 784 4047 baptizari
797 3976 908 4032 voluita
924 3976 1037 4044 ioanne,
1089 3981 1152 4036 mali
1167 3982 1264 4051 angeli.
1295 3980 1425 4052 Superbia
1439 3983 1510 4038 enirn
1525 3982 1607 4039 homo
1622 3983 1748 4050 inllatnr,
1764 3962 1883 4039 atrarit'n'¹

250 4089 300 4129 rex
319 4089 334 4128 a
355 4072 458 4139 milite,
485 4072 614 4127 Dominus
634 4086 752 4127 aservo.
773 4071 832 4127 Non
856 4074 934 4144 quod·
950 4073 1039 4144 aliqua
1089 4073 1229 4141 quatitur,
1257 4073 1404 4129 ambitione
1419 4073 1576 4130 delectatur.
1612 4075 1699 4130 Nolite
1720 4074 1755 4129 de
1777 4066 1881 4130 diuitiis

250 4164 430 4220 commisisset
455 4161 594 4228 facinora,
623 4161 671 4217 sed
695 4169 725 4216 nt
744 4171 835 4217 nostra
857 4178 905 4234 per
921 4163 978 4232 ejus
989 4163 1038 4218 ba·
1089 4162 1258 4218 saecularibus
1271 4164 1400 4232 gloriari,
1416 4164 1499 4221 nolite
1513 4166 1572 4221 aliis
1586 4165 1713 4237 preferri,
1725 4182 1760 4221 ue
1774 4167 1881 4236 cogita·

250 4256 377 4328 ptismum
387 4252 541 4310 delerentur
550 4254 715 4324 peccamina.
728 4252 814 4324 ipsum
826 4255 896 4308 enim
906 4269 974 4323 aqua
986 4270 1039 4310 non
1089 4253 1127 4309 tio
1141 4254 1211 4309 mala
1221 4254 1366 4326 subrepat,
1392 4257 1478 4328 etqui
1498 4273 1570 4313 ιιιιι
1583 4267 1690 4312 auratas
1711 4250 1798 4313 vestes
1811 4273 1878 4312 con-

252 4345 400 4411 mundavit‚
423 4345 472 4400 sed
491 4359 550 4399 eam
565 4345 685 4413 ingressu
699 4358 760 4412 suo,
787 4344 998 4414 quibnptizabat
1012 4345 1038 4400 in
1089 4344 1224 4414 cupiscitis
1238 4346 1471 4402 haetenussedcre
1486 4350 1511 4402 in
1525 4347 1648 4403 sordibus
1658 4349 1782 4418 placeat,
1809 4356 1880 4402 utet

252 4437 353 4509 Spiritu
366 4446 393 4491 ιι
404 4436 526 4500 ιιιὶιιιι,
542 4434 688 4490 benedixit.
710 4434 811 4490 Deinde
822 4435 920 4506 populo
932 4452 1039 4491 annun·
1089 4449 1138 4489 ros
1151 4432 1257 4490 Christo
1272 4437 1399 4505 placeatis
1412 4455 1418 4490 :
1433 4438 1475 4493 cui
1490 4445 1531 4493 est
1545 4439 1632 4492 honor
1645 4453 1706 4492 cuni
1721 4439 1799 4493 latre
1810 4439 1881 4494 insi-

253 4530 322 4584 tinns
336 4527 445 4584 verbum
464 4527 526 4581 uitta
537 4533 565 4580 et
582 4525 703 4580 veritatis
716 4523 847 4594 quosdam
862 4523 913 4580 ieri
926 4541 985 4581 esse
998 4524 1040 4580 di·¹
1089 4523 1159 4578 sibili
1173 4539 1221 4595 per
1233 4528 1323 4582 omnia
1336 4527 1431 4583 secuta
1441 4527 1610 4584 saeculorum.
1628 4528 1722 4584 Αιιιιιι.

253 4620 389 4690 scipulos,
414 4618 482 4673 alios
495 4625 584 4671 autem
599 4614 785 4684 evangelistas.
806 4613 911 4671 Gemini
926 4604 1080 4685 namqueD
1163 4617 1278 4673 suntsi)
1296 4619 1329 4674 lli
1348 4617 1634 4688 nnnuuumutonts
1654 4619 1801 4676 VESTUll.

218 4736 220 4742 v
252 4713 361 4779 iratres,
376 4710 401 4765 id
415 4706 455 4764 est
468 4707 584 4764 lacobus
596 4717 624 4762 et
634 4706 770 4774 loannes,
795 4707 889 4763 relicto
903 4717 1041 4780 patresuo
1129 4708 1166 4763 De
1181 4711 1315 4780 tripartita
1334 4709 1505 4766 solemnitate
1522 4712 1683 4767 beatissimae
1694 4712 1809 4782 Virginis
1822 4712 1885 4766 lla-

254 4802 384 4858 zebedaeo
396 4807 424 4855 et
437 4799 508 4865 nari,
519 4797 686 4854 salvatorem
701 4805 845 4868 sequentes
858 4813 950 4853 euram
965 4797 1042 4852 lami·
1093 4792 1160 4867 rid,
1184 4800 1278 4857 iratres
1296 4802 1447 4868 carissimi,
1472 4801 1499 4856 in
1519 4818 1572 4871 qua
1598 4803 1708 4873 angelus
1729 4804 1879 4867 annuntiat,

253 4894 295 4950 lim
317 4900 345 4948 et
364 4891 487 4947 allectum
503 4891 648 4960 sanguinis
671 4891 834 4946 unanimiter
849 4898 1042 4961 postponentes
1093 4889 1175 4957 Virgo
1186 4891 1311 4961 concipit,
1328 4892 1479 4961 unigenitus
1486 4893 1596 4962 ingeniti
1610 4892 1692 4948 Filius
1702 4910 1784 4949 carne
1798 4897 1884 4949 uesti-

254 4984 430 5051 reliquernnt.
453 4980 516 5037 Post
530 4981 587 5036 uae
602 4980 678 5035 multi
689 4981 735 5034 alii
747 4980 888 5050 discipuli,
913 4981 1010 5050 quibus
1025 4996 1041 5035 a
1093 4989 1145 5047 tur,
1162 4996 1247 5052 pauca
1261 4981 1372 5037 dicenda
1383 4990 1465 5049 sunt,
1487 4984 1610 5052 quamvis
1624 4984 1781 5039 multimoda
1803 4985 1882 5039 laude

253 5074 368 5129 Domino
382 5074 443 5129 lesu
455 5074 554 5130 dictum
572 5083 633 5130 est:
654 5073 685 5130 st
697 5075 753 5146 qnis
768 5074 819 5128 tuit
834 5082 891 5144 post
903 5090 943 5128 nte
958 5075 1043 5129 sentire
1092 5072 1188 5141 dignus
1202 5075 1237 5128 sit
1250 5074 1295 5142 qul
1310 5075 1424 5140 ιιιιιιιίιι,
1434 5075 1541 5144 dignior
1551 5090 1610 5143 qum
1621 5090 1671 5145 per
1681 5091 1774 5131 aurem
1789 5077 1883 5131 conci·

248 5165 543 5237 nbuepctsemctipsnm,
556 5174 581 5218 et
593 5166 667 5220 tollat
676 5181 775 5219 crucem
787 5180 869 5228 rutum,
885 5173 909 5217 et
921 5175 1043 5236 sequuntur
1094 5164 1151 5235 pit:
1168 5164 1339 5235 dignissimus
1351 5173 1440 5220 autent
1455 5166 1499 5234 qni
1514 5165 1628 5229 nuntiat,
1643 5166 1748 5235 dignior
1763 5181 1822 5235 qaue
1835 5182 1883 5236 per

254 5270 303 5308 me.
324 5252 368 5308 Sic
383 5253 453 5308 enim
467 5251 604 5323 Scriptura
616 5255 739 5310 coritinet
749 5254 848 5308 divina.
870 5253 954 5308 Nemo
966 5253 1042 5309 miles
1093 5269 1185 5311 aurem
1200 5255 1316 5325 concipit
1329 5274 1336 5322 ;
1356 5256 1526 5327 dignissimus
1545 5266 1634 5311 autern
1649 5257 1693 5311 ille
1704 5258 1750 5326 qui
1765 5258 1887 5330 concipi-

254 5360 314 5399 cum
331 5359 414 5398 uxore
428 5343 515 5414 pergit
528 5343 561 5397 ad
573 5345 702 5413 praelium.
722 5343 750 5399 Si
764 5343 824 5414 quis
837 5343 892 5398 ruit
906 5343 981 5412 sequi
997 5359 1043 5398 ue·
1093 5355 1147 5400 tur.
1162 5346 1223 5402 llaec
1234 5356 1272 5403 est
1284 5348 1342 5404 dies
1352 5349 1499 5413 salunicae,
1514 5349 1604 5403 debita
1618 5349 1815 5404 venerationes
1831 5364 1882 5403 no-

255 5436 332 5504 eligia
348 5435 554 5507 Redemptoris,
579 5438 669 5490 omnia
693 5438 845 5507 relinquat,
873 5452 959 5507 neque
982 5447 1043 5508 post
1093 5437 1135 5493 bis
1148 5439 1326 5503 celebratius,
1351 5456 1409 5510 qun
1434 5451 1539 5495 terrena
1562 5441 1716 5496 coelestibus
1738 5442 1864 5497 conciliat
1876 5460 1887 5505 ;.

256 5536 376 5597 tergum,
391 5528 613 5597 quemadmodum
627 5544 695 5584 uxor
709 5528 777 5585 Loth
791 5532 944 5601 perspexit»,
959 5531 1043 5601 respi-
1095 5530 1122 5585 in
1136 5545 1188 5601 qna
1200 5531 1232 5585 nd
1247 5547 1297 5587 nos
1310 5531 1498 5601 [iouemptoris
1512 5532 1638 5592 divinitas
1651 5531 1798 5597 descendit,
1812 5540 1841 5586 ιι
1852 5532 1888 5585 ad

257 5619 310 5675 ciat
321 5636 328 5672 ι
340 5617 423 5674 Nemo
435 5620 502 5673 enim
514 5620 615 5673 mittens
635 5635 739 5673 ntonnm
761 5620 795 5673 od
817 5632 949 5686 nrntrnm,
965 5630 989 5675 et
1003 5638 1043 5675 re·
1096 5621 1182 5677 coelos
1198 5630 1286 5676 nostra
1306 5621 1496 5677 conscenderet
1511 5622 1671 5677 hurnnnitns.
1698 5620 1762 5690 llaec¹
1781 5628 1823 5675 est
1842 5620 1888 5674 iila

256 5711 366 5780 traiciens
379 5720 463 5778 retro,
483 5720 557 5782 aptus
572 5722 610 5767 cst
624 5729 702 5785 regno
719 5712 776 5767 Dei.
797 5713 824 5768 Si
840 5715 900 5783 quis
916 5730 978 5769 tero
993 5708 1046 5769 lin-⁴
1096 5712 1224 5766 solemnis
1237 5712 1296 5768 dies
1315 5727 1374 5780 qum
1389 5712 1423 5765 ab
1438 5712 1534 5780 angelo
1549 5713 1631 5766 sustitit
1644 5711 1801 5777 exordium,
1819 5727 1888 5780 qua-

255 5801 302 5855 bet
325 5800 395 5856 unde
417 5802 531 5857 animam
553 5818 627 5863 sumn
652 5801 773 5859 airaude
793 5805 890 5859 inintici
913 5804 1043 5861 retlitncre
1097 5804 1157 5875 liter
1173 5802 1306 5873 Virginem
1318 5803 1351 5857 de
1362 5802 1470 5872 Virgine
1483 5804 1644 5858 irasciturum
1666 5802 1807 5868 ttttntiauit,
1822 5818 1886 5872 quu-
